payload_kg,orbit_type,thrust_kN,isp,launch_angle_deg,engine_type,fuel_required_kg,current_fuel_kg,fuel_to_buy_kg,fuel_price_per_kg,fuel_cost
549.67,Moon,7417.34,298.33,38.95,Solid,3021.67,1393.94,1627.73,244.1,397328.89
486.17,Mars,7692.34,271.01,53.61,Hybrid,2824.82,2538.91,285.91,413.27,118158.03
564.77,LEO,6926.44,281.56,7.26,Hybrid,2969.8,2420.04,549.76,492.01,270487.42
652.3,Mars,7114.19,279.92,84.56,Hybrid,3493.31,1903.02,1590.29,437.17,695227.08
476.58,Moon,8200.21,304.15,67.96,Solid,2865.55,2545.06,320.49,272.88,87455.31
476.59,LEO,7271.55,301.39,52.8,Liquid,2742.43,1892.46,849.97,472.51,401619.32
657.92,Moon,7076.54,285.57,74.56,Liquid,3491.96,2602.26,889.7,227.93,202789.32
576.74,Moon,7868.33,303.54,7.22,Solid,3111.53,992.29,2119.24,340.44,721474.07
453.05,GTO,8192.85,289.07,42.92,Liquid,2720.78,1014.75,1706.03,466.26,795453.55
554.26,LEO,7959.48,294.57,56.71,Solid,3129.8,2127.8,1002.0,392.38,393164.76
453.66,GTO,8098.02,333.47,74.58,Liquid,2776.6,2330.72,445.88,324.09,144505.25
453.43,LEO,7221.6,326.81,70.51,Hybrid,2679.96,1806.95,873.01,287.84,251287.2
524.2,Moon,6889.09,274.01,24.94,Liquid,2839.24,1080.09,1759.15,312.53,549787.15
308.67,Moon,8350.67,316.59,84.68,Solid,2242.27,828.42,1413.85,352.68,498636.62
327.51,Mars,7438.66,316.23,11.19,Solid,2079.45,1677.1,402.35,295.71,118978.92
443.77,LEO,7474.58,277.03,78.76,Hybrid,2683.67,1029.41,1654.26,490.69,811728.84
398.72,GTO,8264.1,316.38,87.38,Solid,2599.21,1591.08,1008.13,479.92,483821.75
531.42,Mars,7878.12,330.76,15.94,Liquid,2948.4,950.17,1998.23,461.2,921583.68
409.2,Mars,7827.94,277.55,64.99,Liquid,2553.18,889.53,1663.65,326.55,543264.91
358.77,Mars,8682.5,281.65,3.63,Hybrid,2314.14,1627.79,686.35,407.39,279612.13
646.56,GTO,7278.24,320.35,36.49,Solid,3390.17,2418.92,971.25,470.85,457313.06
477.42,Mars,8063.92,305.43,46.47,Hybrid,2812.29,1419.87,1392.42,455.13,633732.11
506.75,GTO,7628.51,311.03,52.26,Liquid,2897.59,1244.13,1653.46,324.3,536217.08
357.53,Mars,7734.3,306.81,84.23,Hybrid,2375.27,1872.25,503.02,233.72,117565.83
445.56,GTO,8364.23,307.81,60.5,Solid,2742.91,1180.17,1562.74,222.69,348006.57
511.09,Moon,7853.92,273.47,43.32,Hybrid,2920.05,1825.66,1094.39,373.12,408338.8
384.9,Moon,7869.15,320.95,72.87,Solid,2475.37,2180.62,294.75,392.79,115774.85
537.57,Moon,8136.25,323.39,85.55,Solid,3138.1,1219.82,1918.28,454.95,872721.49
439.94,Moon,7417.52,295.41,1.99,Liquid,2508.88,2168.99,339.89,287.75,97803.35
470.83,Moon,7180.4,299.13,88.43,Liquid,2781.56,1139.7,1641.86,250.24,410859.05
439.83,Mars,7077.6,269.38,7.75,Liquid,2486.29,1592.38,893.91,313.7,280419.57
685.23,Mars,6616.82,310.29,73.29,Solid,3552.4,1869.29,1683.11,306.07,515149.48
498.65,Mars,8628.1,311.44,25.23,Hybrid,2911.08,2558.71,352.37,239.74,84477.18
394.23,GTO,7048.4,298.76,11.9,Solid,2308.91,1071.62,1237.29,401.68,496994.65
582.25,GTO,7489.37,322.49,39.59,Liquid,3160.22,1705.87,1454.35,352.61,512818.35
377.92,GTO,7461.59,293.32,57.96,Liquid,2377.17,2115.01,262.16,416.34,109147.69
520.89,GTO,7753.7,311.29,34.29,Hybrid,2930.72,1822.56,1108.16,305.81,338886.41
304.03,Moon,8007.87,279.61,4.91,Liquid,2030.3,1221.38,808.92,297.71,240823.57
367.18,Moon,8030.24,299.53,53.95,Liquid,2382.98,1083.46,1299.52,341.77,444136.95
519.69,Moon,7308.46,296.51,81.22,Liquid,2975.42,2144.74,830.68,463.22,384787.59
573.85,LEO,7516.44,304.51,34.49,Hybrid,3119.31,962.69,2156.62,212.08,457375.97
517.14,Mars,7741.29,292.61,19.47,Solid,2885.05,951.22,1933.83,441.45,853689.25
488.44,GTO,7475.65,297.37,39.83,Liquid,2784.35,1836.6,947.75,310.7,294465.92
469.89,GTO,8403.67,316.52,4.35,Hybrid,2731.79,1379.57,1352.22,456.39,617139.69
352.15,Moon,7845.49,291.26,73.84,Liquid,2344.26,2044.17,300.09,440.66,132237.66
428.02,GTO,7967.44,267.87,74.37,Hybrid,2661.3,2240.59,420.71,304.63,128160.89
453.94,GTO,7931.44,334.99,52.92,Liquid,2717.73,1979.12,738.61,408.16,301471.06
605.71,Mars,8186.74,327.63,31.78,Hybrid,3308.13,2616.36,691.77,247.89,171482.87
534.36,Moon,7690.51,274.15,71.98,Liquid,3054.1,2139.09,915.01,468.88,429029.89
323.7,Mars,6951.58,313.79,49.92,Solid,2092.98,785.6,1307.38,321.35,420126.56
532.41,LEO,7799.84,289.94,74.33,Liquid,3061.73,2324.85,736.88,336.69,248100.13
461.49,LEO,7274.32,305.27,56.83,Hybrid,2690.33,1146.39,1543.94,411.73,635686.42
432.31,LEO,7335.69,305.88,70.6,Liquid,2607.28,1288.17,1319.11,446.25,588652.84
561.17,Moon,7893.18,295.31,53.87,Solid,3145.12,2489.49,655.63,270.9,177610.17
603.1,GTO,8219.14,284.32,37.27,Liquid,3312.37,2060.01,1252.36,398.41,498952.75
593.13,Moon,7610.64,286.19,86.22,Hybrid,3309.52,2700.45,609.07,317.6,193440.63
416.08,Moon,7754.42,281.68,48.7,Hybrid,2540.71,1086.97,1453.74,310.61,451546.18
469.08,GTO,8451.11,283.36,54.46,Solid,2833.88,1883.59,950.29,407.01,386777.53
533.13,Mars,7720.38,298.66,19.84,Hybrid,2947.59,1032.47,1915.12,316.15,605465.19
597.55,LEO,8900.84,285.68,56.31,Liquid,3396.4,2329.38,1067.02,303.83,324192.69
452.08,Mars,7882.75,313.64,51.44,Liquid,2702.66,2047.32,655.34,450.77,295407.61
481.43,LEO,6719.62,329.74,16.64,Liquid,2633.99,1714.62,919.37,230.38,211804.46
389.37,Moon,7976.67,288.4,5.36,Hybrid,2369.33,1089.27,1280.06,402.77,515569.77
380.38,LEO,7790.58,304.79,54.39,Liquid,2412.64,769.16,1643.48,274.62,451332.48
581.25,Moon,8244.88,309.99,68.73,Liquid,3290.17,1222.86,2067.31,204.65,423074.99
635.62,Mars,7936.59,309.44,47.11,Liquid,3433.59,2312.12,1121.47,250.03,280401.14
492.8,Moon,7530.77,301.52,20.41,Solid,2768.41,2382.64,385.77,382.0,147364.14
600.35,Mars,6987.85,314.85,59.99,Hybrid,3223.34,1366.44,1856.9,412.74,766416.91
536.16,GTO,7495.49,309.64,7.21,Hybrid,2911.84,2157.72,754.12,206.32,155590.04
435.49,GTO,7174.74,275.25,39.77,Hybrid,2542.61,2084.61,458.0,210.93,96605.94
536.14,GTO,7309.74,317.38,14.7,Solid,2908.08,1781.28,1126.8,470.76,530452.37
653.8,Moon,7894.29,317.75,16.6,Hybrid,3440.98,2414.05,1026.93,221.99,227968.19
496.42,GTO,8434.95,284.73,18.21,Solid,2869.11,2263.75,605.36,468.25,283459.82
656.46,LEO,7797.34,300.76,34.8,Solid,3478.5,1587.61,1890.89,268.45,507609.42
238.03,Mars,7002.06,313.67,4.6,Hybrid,1664.71,795.96,868.75,422.01,366621.19
582.19,Mars,7822.3,295.81,35.8,Liquid,3185.97,956.99,2228.98,292.92,652912.82
508.7,LEO,8198.32,321.46,46.05,Liquid,2949.84,2589.54,360.3,457.63,164884.09
470.1,Moon,7295.11,347.28,43.5,Hybrid,2699.79,2296.24,403.55,410.14,165512.0
509.18,Moon,7532.99,284.28,34.45,Hybrid,2862.44,2171.85,690.59,320.54,221361.72
301.24,Mars,7607.34,272.38,75.52,Solid,2120.41,736.73,1383.68,222.89,308408.44
478.03,GTO,7207.55,306.08,13.08,Hybrid,2662.3,1513.52,1148.78,419.81,482269.33
535.71,Moon,7924.14,314.43,45.51,Solid,3029.45,1094.04,1935.41,385.07,745268.33
647.79,Moon,7539.53,295.38,5.58,Hybrid,3359.66,1039.99,2319.67,200.87,465952.11
448.17,LEO,7809.77,329.07,6.4,Liquid,2589.5,1734.21,855.29,202.83,173478.47
419.15,LEO,7156.25,273.23,51.65,Liquid,2499.18,2190.53,308.65,442.64,136620.84
449.82,GTO,7381.27,313.86,50.94,Hybrid,2642.47,2224.22,418.25,277.82,116198.22
591.54,Moon,7961.19,287.88,79.02,Solid,3323.79,2386.66,937.13,390.84,366267.89
532.88,Moon,7413.58,334.39,50.21,Liquid,2976.29,1065.47,1910.82,336.26,642532.33
447.02,LEO,8463.48,339.85,86.38,Solid,2810.13,1305.3,1504.83,459.03,690762.11
551.33,Moon,7400.18,284.67,4.38,Hybrid,2957.61,1455.24,1502.37,475.09,713760.96
509.71,Mars,7712.34,289.01,8.82,Hybrid,2831.17,2145.72,685.45,499.04,342066.97
596.86,LEO,8066.3,317.19,3.97,Liquid,3205.16,2504.35,700.81,246.11,172476.35
429.79,GTO,6890.82,292.26,16.67,Hybrid,2445.0,1298.45,1146.55,458.89,526140.33
467.23,LEO,6719.6,299.09,48.71,Liquid,2641.64,1454.83,1186.81,279.81,332081.31
460.79,Moon,6837.17,300.51,58.1,Solid,2646.4,864.59,1781.81,377.24,672170.0
353.65,GTO,8231.29,261.61,4.1,Liquid,2249.75,1065.22,1184.53,351.73,416634.74
529.61,LEO,7324.07,299.72,85.14,Liquid,3024.46,1726.27,1298.19,205.4,266648.23
526.11,Mars,8879.1,286.21,75.79,Solid,3147.42,1165.14,1982.28,479.83,951157.41
500.51,Mars,7317.88,290.14,26.7,Liquid,2790.67,1596.15,1194.52,223.5,266975.22
476.54,LEO,7692.28,328.87,6.95,Liquid,2692.33,2185.92,506.41,406.47,205840.47
358.46,Mars,8371.05,274.87,15.29,Hybrid,2305.16,1495.57,809.59,435.5,352576.44
457.94,Mars,8603.05,316.26,11.42,Solid,2718.07,944.14,1773.93,438.59,778027.96
465.73,Mars,8630.75,294.42,11.1,Liquid,2751.59,1141.92,1609.67,240.65,387367.09
419.77,GTO,8204.18,294.4,46.67,Solid,2596.23,1518.08,1078.15,334.27,360393.2
483.87,Mars,8112.03,315.81,22.13,Solid,2794.11,1444.25,1349.86,448.83,605857.66
540.41,Mars,7896.26,306.8,32.23,Liquid,3018.99,1555.49,1463.5,290.8,425585.8
688.62,Mars,7989.18,311.41,89.06,Hybrid,3734.73,2306.42,1428.31,340.32,486082.46
517.46,GTO,7324.41,319.36,61.59,Solid,2928.59,1905.45,1023.14,281.84,288361.78
525.76,LEO,7190.9,293.37,85.41,Liquid,2996.36,2331.52,664.84,339.07,225427.3
492.56,Moon,7598.31,287.76,12.83,Solid,2759.21,1392.24,1366.97,466.35,637486.46
308.12,Mars,7514.91,278.3,34.39,Hybrid,2056.34,1610.69,445.65,336.54,149979.05
497.35,LEO,7373.39,283.49,49.93,Hybrid,2830.13,1424.03,1406.1,366.77,515715.3
506.02,Mars,7948.19,358.98,6.91,Hybrid,2835.5,944.96,1890.54,321.19,607222.54
746.32,GTO,8077.65,324.89,0.38,Liquid,3796.88,2401.57,1395.31,338.04,471670.59
480.76,LEO,7644.2,272.98,60.34,Liquid,2811.8,1835.38,976.42,204.55,199726.71
530.15,GTO,8338.77,273.55,57.76,Hybrid,3073.65,2645.56,428.09,285.12,122057.02
496.53,Mars,7029.16,309.64,36.97,Liquid,2766.21,2034.93,731.28,330.97,242031.74
383.13,Mars,7503.17,310.95,44.07,Hybrid,2374.19,2019.64,354.55,390.14,138324.14
614.28,GTO,7241.59,310.98,37.39,Liquid,3259.27,2754.11,505.16,335.02,169238.7
575.19,Moon,6666.73,294.9,2.16,Hybrid,2975.14,1971.76,1003.38,301.35,302368.56
579.1,GTO,7558.66,297.49,30.18,Solid,3135.99,1933.83,1202.16,316.43,380399.49
409.06,Mars,7539.13,306.56,15.94,Hybrid,2425.3,1538.77,886.53,272.69,241747.87
640.28,GTO,8356.72,301.72,8.86,Hybrid,3417.83,3031.61,386.22,477.35,184362.12
359.81,Moon,7915.41,255.61,86.1,Liquid,2406.89,1838.62,568.27,356.52,202599.62
558.69,GTO,7087.91,295.4,53.94,Liquid,3054.82,1111.22,1943.6,204.02,396533.27
719.05,Moon,8527.05,282.97,65.58,Liquid,3863.6,2963.6,900.0,205.83,185247.0
400.95,Moon,8210.52,303.5,28.38,Liquid,2484.91,999.74,1485.17,491.89,730540.27
443.37,GTO,7891.05,359.71,35.38,Liquid,2636.13,1498.4,1137.73,266.44,303136.78
509.97,GTO,7486.76,307.35,21.32,Liquid,2834.45,1208.26,1626.19,441.68,718255.6
449.65,LEO,7120.28,293.73,8.73,Solid,2531.49,1806.85,724.64,217.48,157594.71
344.93,Mars,7413.9,318.44,16.11,Hybrid,2156.47,1782.08,374.39,476.35,178340.68
506.86,Moon,8144.37,309.65,71.78,Hybrid,2988.67,1417.28,1571.39,462.33,726500.74
393.77,LEO,8542.29,308.4,60.98,Hybrid,2554.51,892.05,1662.46,371.33,617321.27
547.36,GTO,8371.62,312.14,49.22,Solid,3128.25,1498.73,1629.52,202.7,330303.7
408.06,Mars,7355.58,341.13,42.76,Hybrid,2456.25,1727.77,728.48,277.34,202036.64
654.99,LEO,7040.19,277.38,83.02,Solid,3493.62,1737.22,1756.4,322.05,565648.62
421.67,Moon,7670.44,309.47,6.55,Solid,2470.06,1153.19,1316.87,338.02,445128.4
467.79,LEO,6715.78,281.47,25.25,Solid,2596.79,1066.4,1530.39,289.3,442741.83
581.35,Moon,7761.58,311.11,31.49,Hybrid,3167.75,1895.93,1271.82,209.88,266929.58
376.91,GTO,7526.2,281.63,70.42,Solid,2404.65,1119.53,1285.12,377.04,484541.64
522.75,Mars,7366.98,291.65,89.33,Hybrid,3009.79,2223.05,786.74,357.25,281062.86
630.71,Mars,6802.65,294.1,21.66,Hybrid,3249.83,1124.35,2125.48,284.9,605549.25
339.25,Mars,7856.8,319.52,78.69,Liquid,2303.19,1608.59,694.6,211.39,146831.49
518.46,GTO,7333.65,318.37,74.76,Liquid,2959.87,1309.85,1650.02,498.38,822336.97
525.99,Moon,7015.04,275.09,20.22,Solid,2849.54,1691.39,1158.15,344.6,399098.49
578.18,GTO,6163.87,301.1,35.94,Solid,3004.31,1416.99,1587.32,426.8,677468.18
376.3,Mars,7586.24,285.81,36.87,Hybrid,2341.06,1717.54,623.52,335.69,209309.43
367.95,GTO,8486.13,274.83,88.04,Solid,2500.13,2168.07,332.06,212.95,70712.18
552.19,GTO,8430.63,295.66,16.28,Solid,3087.77,2625.36,462.41,292.88,135430.64
529.7,GTO,7371.45,293.83,71.92,Hybrid,3003.19,1952.24,1050.95,296.03,311112.73
525.05,Moon,7298.89,348.53,30.08,Solid,2893.12,1670.97,1222.15,451.51,551812.95
534.64,LEO,7834.39,308.66,65.78,Solid,3056.8,2417.87,638.93,396.27,253188.79
432.0,LEO,7100.81,272.45,37.8,Hybrid,2517.35,1787.31,730.04,282.63,206331.21
523.23,GTO,7750.9,288.7,52.05,Hybrid,2975.57,1220.4,1755.17,490.32,860594.95
529.31,LEO,7983.04,320.43,74.94,Liquid,3068.54,2431.98,636.56,296.46,188714.58
428.56,LEO,8213.47,341.77,72.37,Hybrid,2683.25,1495.46,1187.79,499.47,593265.47
686.58,GTO,7549.92,268.28,77.98,Liquid,3661.0,1513.43,2147.57,498.85,1071315.29
547.38,GTO,7498.16,262.4,5.37,Solid,2953.89,1385.61,1568.28,257.36,403612.54
380.87,Mars,7161.01,337.42,62.28,Hybrid,2367.1,1090.09,1277.01,293.82,375211.08
565.66,LEO,7186.56,307.79,12.6,Hybrid,3009.74,1840.53,1169.21,345.81,404324.51
402.53,Moon,7486.76,282.63,37.42,Hybrid,2437.17,1073.87,1363.3,399.23,544270.26
578.71,GTO,7783.68,310.69,49.37,Solid,3195.17,1195.44,1999.73,358.41,716723.23
615.86,Mars,8056.79,247.29,36.25,Liquid,3345.66,1251.99,2093.67,490.83,1027636.05
417.93,Moon,7198.41,300.07,46.77,Solid,2488.43,1617.39,871.04,417.2,363397.89
596.34,LEO,8346.34,306.56,89.69,Solid,3402.64,2520.86,881.78,263.61,232446.03
541.28,Mars,7464.44,318.49,12.17,Hybrid,2939.04,1448.71,1490.33,231.53,345056.1
582.21,GTO,7589.32,279.72,60.79,Liquid,3212.93,1030.68,2182.25,406.52,887128.27
689.68,Moon,7226.39,301.71,35.64,Solid,3555.95,1338.23,2217.72,247.54,548974.41
475.46,GTO,6387.88,281.49,11.97,Hybrid,2568.12,2179.86,388.26,436.3,169397.84
424.63,LEO,8042.02,305.11,14.29,Solid,2534.58,1510.93,1023.65,293.31,300246.78
411.05,Moon,7968.42,282.09,85.43,Solid,2615.45,1496.41,1119.04,298.07,333552.25
418.42,LEO,7459.34,291.84,79.16,Hybrid,2581.36,833.34,1748.02,203.24,355267.58
492.29,LEO,7633.5,280.08,81.63,Hybrid,2899.34,2137.34,762.0,410.3,312648.6
534.12,Mars,7857.97,313.02,89.24,Liquid,3103.95,1914.64,1189.31,233.98,278274.75
527.67,GTO,6818.73,317.17,18.75,Solid,2833.21,1193.49,1639.72,431.86,708129.48
582.72,Moon,7335.47,295.31,31.99,Hybrid,3131.79,1146.37,1985.42,347.56,690052.58
501.3,LEO,7997.13,300.76,60.23,Hybrid,2928.7,1552.31,1376.39,435.28,599115.04
645.35,LEO,6972.86,271.03,43.54,Liquid,3369.46,2703.31,666.15,375.18,249926.16
473.53,Moon,7746.78,294.01,37.66,Liquid,2747.52,2250.7,496.82,224.73,111650.36
772.02,LEO,6921.71,299.0,32.2,Hybrid,3848.0,2546.25,1301.75,429.7,559361.98
562.57,Mars,7833.21,352.42,53.44,Liquid,3143.32,2315.12,828.2,220.94,182982.51
414.28,Mars,7582.18,277.76,51.8,Hybrid,2522.54,931.05,1591.49,343.61,546851.88
392.91,Mars,6792.43,329.28,14.53,Solid,2282.98,1490.5,792.48,251.7,199467.22
548.25,Mars,8182.37,319.94,42.46,Liquid,3099.28,2170.05,929.23,425.7,395573.21
477.65,LEO,7232.7,305.61,49.81,Solid,2736.76,1150.61,1586.15,473.48,751010.3
571.4,Moon,7194.87,335.17,51.33,Solid,3110.73,2575.97,534.76,366.24,195850.5
547.32,Moon,7700.28,307.44,18.91,Solid,3000.38,1251.15,1749.23,358.14,626469.23
492.72,Moon,8174.32,307.78,66.8,Hybrid,2925.16,1427.73,1497.43,429.19,642681.98
415.32,Moon,7092.09,298.94,2.27,Solid,2378.37,1599.06,779.31,201.52,157046.55
348.52,GTO,7630.84,324.47,31.93,Solid,2224.11,1519.09,705.02,475.33,335117.16
455.35,Moon,7814.41,321.93,70.22,Solid,2746.39,1976.39,770.0,259.23,199607.1
585.64,GTO,7946.55,287.49,50.75,Hybrid,3242.19,1190.55,2051.64,495.24,1016054.19
521.41,GTO,7688.22,273.62,23.5,Solid,2905.12,2352.21,552.91,420.88,232708.76
375.43,Mars,7416.49,295.94,62.55,Solid,2371.85,1469.86,901.99,432.28,389912.24
517.32,GTO,7186.2,284.0,51.07,Liquid,2893.56,1686.35,1207.21,396.86,479093.36
538.53,LEO,7643.07,298.73,71.66,Hybrid,3065.09,2723.82,341.27,341.5,116543.7
411.61,GTO,7063.93,324.75,66.15,Solid,2488.21,1851.79,636.42,371.49,236423.67
515.37,Mars,6139.32,290.85,54.91,Liquid,2788.67,1034.05,1754.62,213.92,375348.31
505.82,GTO,7818.28,299.14,43.94,Hybrid,2896.33,2183.61,712.72,387.19,275958.06
385.7,LEO,8051.97,301.16,11.99,Hybrid,2375.3,848.34,1526.96,387.83,592200.9
535.78,LEO,6418.53,316.97,23.52,Hybrid,2835.17,897.28,1937.89,467.36,905692.27
556.08,LEO,7095.13,255.06,37.72,Hybrid,3013.19,1633.68,1379.51,351.7,485173.67
608.31,Mars,7909.58,287.87,53.94,Hybrid,3335.55,2989.14,346.41,223.14,77297.93
605.38,Mars,8628.75,304.23,46.23,Hybrid,3380.14,1368.72,2011.42,291.86,587053.04
362.23,Moon,7610.4,324.0,25.94,Solid,2264.93,1593.57,671.36,396.69,266321.8
406.22,Mars,7236.0,290.16,0.58,Solid,2353.09,950.74,1402.35,271.78,381130.68
551.5,LEO,7508.55,262.47,44.66,Solid,3049.98,2241.35,808.63,284.16,229780.3
551.38,LEO,8287.44,312.39,25.71,Solid,3088.89,1863.26,1225.63,446.14,546802.57
551.5,Mars,7277.02,287.29,66.11,Liquid,3069.4,2173.08,896.32,375.3,336388.9
885.27,GTO,7200.4,276.21,2.16,Solid,4269.06,1800.36,2468.7,352.56,870364.87
557.09,Mars,7358.63,287.51,52.63,Hybrid,3072.96,2296.66,776.3,295.54,229427.7
613.56,Mars,7123.34,296.31,84.73,Solid,3339.41,2996.69,342.72,419.28,143695.64
595.4,LEO,7661.34,287.91,15.7,Solid,3182.61,2225.89,956.72,286.32,273928.07
565.14,Moon,8412.34,255.89,42.45,Hybrid,3190.6,1901.88,1288.72,421.12,542705.77
468.47,LEO,7761.54,317.94,8.23,Solid,2669.64,2279.62,390.02,221.03,86206.12
575.9,Moon,7473.82,325.5,56.31,Solid,3166.67,980.12,2186.55,459.36,1004413.61
422.72,LEO,7454.09,313.03,49.55,Solid,2538.58,1873.36,665.22,349.87,232740.52
476.32,Mars,6818.4,277.25,36.66,Liquid,2664.05,2219.81,444.24,331.55,147287.77
451.46,LEO,8041.55,295.97,46.92,Solid,2707.21,912.34,1794.87,383.31,687991.62
508.19,LEO,7561.08,299.87,80.69,Hybrid,2953.58,1683.65,1269.93,387.26,491793.09
731.47,LEO,7509.76,311.98,17.67,Hybrid,3715.4,1570.99,2144.41,239.61,513822.08
313.27,Mars,9196.55,313.37,2.03,Solid,2179.99,1395.0,784.99,426.87,335088.68
568.63,Mars,7749.38,285.32,77.55,Solid,3208.06,2212.68,995.38,282.78,281473.56
338.73,Mars,7224.1,301.64,51.94,Solid,2184.53,1052.01,1132.52,471.49,533971.85
452.81,Mars,7386.82,309.15,80.16,Hybrid,2713.48,1562.93,1150.55,445.36,512408.95
608.9,Moon,8174.22,329.12,53.73,Hybrid,3363.52,1572.79,1790.73,303.88,544167.03
506.43,Moon,7656.64,314.09,72.91,Liquid,2940.39,1533.81,1406.58,442.32,622158.47
392.23,GTO,6880.86,315.78,38.67,Liquid,2337.51,925.01,1412.5,306.92,433524.5
428.47,Mars,8059.61,301.68,67.49,Liquid,2658.14,2209.81,448.33,230.28,103241.43
567.96,Moon,7265.93,328.21,82.17,Hybrid,3165.82,968.76,2197.06,488.57,1073417.6
426.96,LEO,8536.65,308.2,51.49,Liquid,2667.73,2212.74,454.99,395.78,180075.94
521.65,Mars,8140.02,282.78,16.27,Solid,2936.68,1888.31,1048.37,336.83,353122.47
504.56,GTO,7376.34,328.07,24.19,Solid,2807.3,1400.83,1406.47,319.33,449128.07
434.84,GTO,8240.51,313.96,17.88,Hybrid,2602.36,1909.7,692.66,297.41,206004.01
714.39,GTO,7633.93,291.14,22.22,Liquid,3668.83,2218.36,1450.47,494.43,717155.88
563.39,LEO,8026.39,290.41,27.58,Solid,3114.8,1867.21,1247.59,240.42,299945.59
297.49,Moon,7842.37,305.93,49.96,Hybrid,2077.39,760.5,1316.89,294.44,387745.09
518.65,LEO,7176.82,309.26,52.92,Liquid,2901.36,1548.48,1352.88,345.65,467622.97
433.82,Mars,7278.23,303.95,38.38,Solid,2543.15,1130.78,1412.37,343.4,485007.86
585.24,GTO,8114.98,306.23,55.39,Liquid,3266.5,1010.71,2255.79,341.41,770149.26
420.75,LEO,7432.61,334.0,7.34,Hybrid,2443.94,1261.22,1182.72,252.74,298920.65
488.53,LEO,7398.18,321.43,7.9,Liquid,2712.85,960.06,1752.79,243.48,426769.31
550.5,Moon,7122.44,303.81,15.46,Hybrid,2948.46,1338.89,1609.57,276.43,444933.44
586.58,Moon,7811.8,318.83,46.63,Liquid,3223.9,1146.13,2077.77,474.36,985610.98
379.97,GTO,8631.26,279.35,19.26,Solid,2425.11,874.41,1550.7,233.92,362739.74
466.55,LEO,7066.23,307.96,25.5,Hybrid,2627.07,1101.81,1525.26,427.23,651636.83
452.51,LEO,7612.11,336.19,36.03,Hybrid,2646.29,2381.42,264.87,427.26,113168.36
434.67,Moon,8306.11,295.64,73.07,Hybrid,2718.81,819.21,1899.6,442.93,841389.83
676.55,LEO,7560.18,283.05,1.25,Liquid,3468.25,2369.52,1098.73,465.98,511986.21
540.5,LEO,7826.19,286.96,58.44,Liquid,3064.98,1179.24,1885.74,278.91,525951.74
373.91,LEO,7068.8,278.21,60.2,Solid,2326.51,1983.06,343.45,267.37,91828.23
591.79,Moon,7814.15,284.3,71.88,Hybrid,3295.85,1173.91,2121.94,339.65,720716.92
712.22,GTO,7506.43,292.59,83.95,Hybrid,3770.84,3292.09,478.75,279.53,133824.99
603.25,Mars,8092.86,271.89,1.81,Liquid,3229.58,2152.7,1076.88,420.29,452601.9
348.06,GTO,8193.69,300.31,13.84,Liquid,2242.62,674.49,1568.13,390.78,612793.84
451.58,Mars,8894.78,318.05,79.76,Solid,2858.46,2390.83,467.63,462.5,216278.88
626.69,LEO,7889.82,281.84,41.27,Solid,3381.83,2073.15,1308.68,224.82,294217.44
429.23,GTO,7762.9,330.39,50.81,Liquid,2597.86,1188.79,1409.07,474.53,668645.99
544.38,Mars,7697.19,310.22,59.67,Hybrid,3069.8,2334.18,735.62,288.0,211858.56
577.46,Moon,7423.42,320.61,61.12,Solid,3177.54,2719.97,457.57,347.21,158872.88
407.31,Moon,7769.24,286.84,83.86,Liquid,2577.37,1521.2,1056.17,331.58,350204.85
494.05,GTO,7452.3,317.09,89.73,Liquid,2904.04,1421.04,1483.0,428.09,634857.47
175.87,GTO,7684.23,278.16,64.81,Hybrid,1605.12,1241.35,363.77,326.1,118625.4
397.56,LEO,8258.8,317.8,25.85,Liquid,2470.97,1752.09,718.88,483.07,347269.36
474.74,GTO,7096.73,303.44,79.18,Liquid,2770.29,2308.35,461.94,470.76,217462.87
375.22,LEO,8169.94,311.07,4.43,Solid,2329.95,1667.1,662.85,461.65,306004.7
663.24,LEO,8258.56,276.49,20.8,Liquid,3524.03,1572.13,1951.9,221.38,432111.62
356.99,Moon,7540.97,282.1,80.76,Liquid,2347.12,2016.17,330.95,456.28,151005.87
456.0,Moon,6539.07,311.94,23.06,Solid,2527.23,917.14,1610.09,434.49,699568.0
513.07,Mars,7296.09,281.03,19.86,Hybrid,2825.17,1301.74,1523.43,231.05,351988.5
644.13,Moon,8248.5,309.26,12.43,Hybrid,3429.46,2099.23,1330.23,232.22,308906.01
356.41,Moon,7588.57,272.66,77.32,Solid,2342.8,1498.09,844.71,230.35,194578.95
616.32,GTO,7100.35,316.96,45.01,Solid,3268.49,1010.57,2257.92,203.4,459260.93
501.02,Moon,7347.61,275.35,60.74,Hybrid,2863.95,2200.5,663.45,364.59,241887.24
401.85,Mars,8020.31,311.05,21.52,Hybrid,2455.69,1269.5,1186.19,492.02,583629.2
546.21,GTO,7873.37,312.51,68.22,Hybrid,3111.82,1692.37,1419.45,331.61,470703.81
519.91,Mars,7480.53,286.06,68.4,Hybrid,2967.99,2331.72,636.27,362.23,230476.08
439.98,Moon,7416.59,311.64,28.13,Hybrid,2561.05,1351.13,1209.92,490.39,593332.67
506.98,Mars,7404.12,305.21,36.96,Solid,2845.53,934.29,1911.24,276.55,528553.42
461.47,GTO,7138.79,289.22,18.87,Liquid,2600.96,1055.64,1545.32,457.54,707045.71
511.35,LEO,8407.69,279.83,87.89,Hybrid,3065.52,2677.86,387.66,363.92,141077.23
566.21,Mars,7438.84,260.75,58.1,Hybrid,3128.76,1070.8,2057.96,370.84,763173.89
658.6,Mars,8208.58,306.99,84.11,Liquid,3626.74,1860.37,1766.37,302.95,535121.79
376.22,GTO,8360.66,268.7,27.3,Liquid,2399.27,1444.14,955.13,368.48,351946.3
713.3,GTO,8099.16,301.91,70.37,Liquid,3807.17,2268.95,1538.22,221.94,341392.55
304.79,Mars,7384.19,294.73,68.93,Liquid,2098.83,634.64,1464.19,429.39,628708.54
484.82,Moon,7801.87,313.58,62.25,Liquid,2847.16,1710.28,1136.88,285.41,324476.92
558.83,Mars,7587.9,293.96,86.91,Liquid,3171.33,1681.64,1489.69,466.28,694612.65
528.1,GTO,7148.15,293.41,35.42,Solid,2901.46,2562.71,338.75,310.36,105134.45
437.73,LEO,7762.18,314.64,11.76,Liquid,2553.84,1010.03,1543.81,242.85,374914.26
479.19,LEO,7010.48,306.7,60.45,Liquid,2741.97,1405.24,1336.73,408.76,546401.75
450.7,Moon,8193.84,306.32,65.64,Solid,2756.73,1520.86,1235.87,249.37,308188.9
441.06,Mars,7367.69,309.39,51.76,Liquid,2607.76,1393.63,1214.13,426.1,517340.79
584.96,LEO,7700.58,269.29,18.61,Hybrid,3150.83,2204.0,946.83,490.43,464353.84
535.7,Mars,7741.64,315.14,45.4,Hybrid,3010.94,1292.62,1718.32,433.87,745527.5
430.71,GTO,7470.55,312.25,28.1,Liquid,2529.3,1094.28,1435.02,206.73,296661.68
589.96,LEO,7893.35,279.67,38.47,Solid,3229.69,2381.98,847.71,379.97,322104.37
530.73,Moon,7362.55,295.12,58.07,Hybrid,2978.7,1787.74,1190.96,408.62,486650.08
581.29,GTO,8035.65,299.21,67.07,Solid,3266.21,1793.45,1472.76,447.64,659266.29
562.96,Moon,6927.01,297.31,20.9,Hybrid,2989.7,1200.43,1789.27,216.8,387913.74
417.1,GTO,7663.19,306.68,36.48,Liquid,2510.94,1035.8,1475.14,344.03,507492.41
443.98,LEO,8569.46,328.63,24.22,Solid,2684.35,822.3,1862.05,360.61,671473.85
574.73,Moon,7099.83,321.64,17.88,Solid,3047.77,1081.52,1966.25,250.74,493017.52
561.04,Moon,7261.13,273.76,70.5,Solid,3114.93,1975.19,1139.74,296.73,338195.05
497.91,GTO,7856.95,312.44,81.83,Hybrid,2944.2,2458.77,485.43,332.07,161196.74
511.73,Moon,7689.79,326.58,33.32,Hybrid,2885.6,1362.87,1522.73,449.96,685167.59
627.77,GTO,7775.32,307.74,67.62,Hybrid,3427.1,1702.06,1725.04,478.82,825983.65
440.84,GTO,7844.59,321.82,80.73,Liquid,2712.39,1001.86,1710.53,388.53,664592.22
554.71,GTO,7917.36,340.25,76.15,Hybrid,3165.82,1687.95,1477.87,318.48,470672.04
479.78,GTO,8154.85,320.47,16.45,Liquid,2770.63,893.07,1877.56,276.21,518600.85
478.23,LEO,7804.91,304.99,86.07,Solid,2868.83,2440.11,428.72,494.64,212062.06
609.88,GTO,7479.37,320.9,33.9,Solid,3258.37,2293.46,964.91,494.91,477543.61
582.54,Mars,7936.29,302.9,30.53,Liquid,3188.15,2851.64,336.51,477.49,160680.16
581.35,Moon,8549.94,300.48,5.62,Hybrid,3194.96,2650.84,544.12,435.7,237073.08
630.55,Mars,7533.68,292.97,43.76,Liquid,3366.5,1965.34,1401.16,297.73,417167.37
502.1,LEO,7112.74,331.27,9.81,Solid,2742.31,1677.78,1064.53,445.1,473822.3
568.2,Mars,8153.54,283.63,22.37,Solid,3136.42,1299.56,1836.86,322.64,592644.51
468.97,Moon,7539.81,330.65,28.52,Liquid,2689.93,1552.69,1137.24,298.03,338931.64
532.42,Mars,6513.67,310.0,72.79,Hybrid,2929.85,2466.4,463.45,423.46,196252.54
486.99,LEO,8023.71,272.01,78.79,Hybrid,2911.59,962.32,1949.27,223.9,436441.55
509.7,GTO,7332.34,307.35,27.22,Liquid,2829.73,2315.1,514.63,214.57,110424.16
559.52,Mars,7554.73,258.0,77.28,Liquid,3151.99,1590.4,1561.59,334.39,522180.08
418.18,LEO,7765.99,312.51,77.15,Hybrid,2606.82,2188.97,417.85,333.69,139432.37
709.24,LEO,7695.25,317.7,68.82,Solid,3747.27,3239.62,507.65,468.69,237930.48
399.4,Moon,7954.73,288.15,13.2,Liquid,2422.94,1702.16,720.78,237.85,171437.52
378.58,Moon,7382.26,302.47,62.13,Hybrid,2380.11,1662.87,717.24,236.99,169978.71
615.81,Mars,7856.55,339.08,85.05,Hybrid,3421.94,1956.16,1465.78,244.24,358002.11
579.17,GTO,7470.23,289.89,61.43,Solid,3190.01,2556.23,633.78,208.92,132409.32
562.41,LEO,7969.41,278.82,29.85,Solid,3109.87,2727.26,382.61,221.52,84755.77
562.83,Mars,7907.68,329.63,45.05,Solid,3135.22,2398.6,736.62,397.96,293145.3
498.78,LEO,7132.28,339.25,58.12,Solid,2827.54,1903.39,924.15,329.48,304488.94
410.27,LEO,8142.99,300.07,45.95,Solid,2550.61,1693.8,856.81,429.08,367640.03
507.58,GTO,7332.02,320.23,10.8,Liquid,2788.24,2257.59,530.65,497.78,264146.96
432.28,GTO,8004.03,326.83,28.09,Hybrid,2588.76,1617.26,971.5,397.71,386375.26
597.51,Mars,7783.64,285.15,72.22,Liquid,3316.35,2594.43,721.92,215.14,155313.87
485.29,GTO,8519.09,290.29,77.53,Liquid,2951.57,1786.68,1164.89,231.37,269520.6
417.45,GTO,7488.27,324.62,12.36,Liquid,2446.43,825.59,1620.84,464.3,752556.01
467.86,Mars,7425.34,333.7,85.71,Liquid,2788.39,1478.87,1309.52,358.25,469135.54
541.29,GTO,7590.29,311.26,29.59,Liquid,2986.58,1692.39,1294.19,447.45,579085.32
443.63,Moon,7448.41,282.4,59.61,Solid,2642.12,1017.14,1624.98,456.98,742583.36
417.78,LEO,7999.97,339.74,67.66,Solid,2609.38,943.29,1666.09,478.3,796890.85
524.37,LEO,6791.84,289.38,73.08,Hybrid,2926.28,1818.04,1108.24,484.95,537440.99
524.5,LEO,7073.16,293.3,85.12,Liquid,2978.97,1045.88,1933.09,366.45,708380.83
449.31,LEO,7066.1,306.85,28.16,Hybrid,2563.43,1234.98,1328.45,302.31,401603.72
452.9,Mars,8075.15,331.08,77.27,Solid,2776.68,2073.51,703.17,488.56,343540.74
523.2,LEO,8455.31,317.08,11.85,Solid,2965.18,2605.38,359.8,364.22,131046.36
355.19,LEO,7547.78,308.3,63.45,Solid,2305.68,1684.81,620.87,219.28,136144.37
359.25,LEO,7515.59,309.27,66.78,Liquid,2325.35,2082.53,242.82,392.83,95386.98
428.16,LEO,7635.03,300.87,61.0,Liquid,2601.47,1870.46,731.01,376.31,275086.37
478.66,Moon,8180.94,311.16,22.71,Solid,2781.37,1324.7,1456.67,468.74,682799.5
531.09,LEO,7136.32,249.41,78.57,Hybrid,2999.14,2109.09,890.05,395.96,352424.2
647.54,Moon,7719.18,294.07,15.2,Hybrid,3395.88,2449.43,946.45,304.72,288402.24
585.77,Mars,8087.6,304.83,4.83,Solid,3164.78,1655.29,1509.49,489.87,739453.87
484.01,GTO,7850.55,276.98,64.57,Hybrid,2853.85,886.49,1967.36,440.49,866602.41
498.1,LEO,7694.79,307.73,42.79,Solid,2850.71,2057.98,792.73,389.13,308475.02
399.75,GTO,8100.52,295.91,76.42,Hybrid,2565.27,802.98,1762.29,287.88,507328.05
498.15,GTO,6248.38,335.11,34.51,Solid,2689.44,1825.36,864.08,312.06,269644.8
471.13,Mars,7938.94,331.46,15.15,Hybrid,2711.73,1079.73,1632.0,400.99,654415.68
532.27,GTO,7272.96,290.68,75.28,Liquid,3010.38,1924.72,1085.66,221.59,240571.4
417.28,Moon,6684.68,296.98,49.4,Solid,2439.76,1469.58,970.18,277.0,268739.86
551.93,GTO,7855.6,298.52,17.03,Solid,3030.69,933.78,2096.91,414.17,868477.21
653.27,GTO,8286.83,290.97,64.83,Hybrid,3574.86,1850.77,1724.09,344.01,593104.2
489.12,GTO,7531.28,303.9,46.0,Solid,2804.9,1853.07,951.83,320.72,305270.92
540.17,LEO,8076.44,284.83,54.39,Solid,3080.61,2492.72,587.89,245.44,144291.72
569.01,LEO,8406.14,277.39,41.48,Solid,3203.22,2668.88,534.34,332.55,177694.77
459.88,Moon,8257.46,312.45,74.58,Liquid,2817.63,1663.28,1154.35,431.21,497767.26
522.41,Moon,8419.98,312.59,74.66,Liquid,3084.16,2273.19,810.97,279.2,226422.82
501.26,LEO,7971.06,283.91,63.84,Hybrid,2933.35,1436.97,1496.38,201.62,301700.14
509.77,Moon,7637.72,317.91,9.49,Liquid,2824.98,1427.5,1397.48,400.55,559760.61
422.7,LEO,6799.02,287.37,75.5,Hybrid,2525.18,1052.19,1472.99,491.79,724401.75
502.45,Mars,7476.97,305.06,60.39,Liquid,2881.56,1836.04,1045.52,382.05,399440.92
549.8,GTO,7178.38,316.41,62.73,Hybrid,3045.66,1488.53,1557.13,235.98,367451.54
645.11,GTO,8685.47,299.33,32.67,Liquid,3517.67,1233.37,2284.3,296.22,676655.35
595.93,Moon,7512.06,309.09,79.14,Liquid,3296.44,2343.78,952.66,460.29,438499.87
715.32,LEO,7661.6,289.67,65.28,Hybrid,3761.45,2725.74,1035.71,269.77,279403.49
423.27,LEO,7875.74,296.07,10.13,Solid,2504.29,1292.2,1212.09,382.31,463394.13
587.23,Moon,7621.8,295.88,36.7,Solid,3187.88,1103.11,2084.77,320.8,668794.22
518.33,LEO,8447.53,285.07,79.77,Liquid,3081.12,1712.42,1368.7,262.35,359078.45
718.98,Mars,7288.68,296.46,4.25,Hybrid,3616.66,2044.86,1571.8,444.02,697910.64
419.17,GTO,7697.3,269.03,86.53,Solid,2623.19,1839.39,783.8,422.85,331429.83
416.03,Moon,7228.76,290.18,61.12,Hybrid,2512.68,1229.33,1283.35,398.48,511389.31
440.06,Moon,6939.99,294.3,56.82,Solid,2571.28,1824.48,746.8,270.9,202308.12
287.61,LEO,7294.12,294.88,24.35,Hybrid,1931.94,1589.78,342.16,229.36,78477.82
447.42,Moon,7581.48,295.17,22.39,Liquid,2596.0,1148.71,1447.29,372.85,539622.08
424.09,Mars,7385.35,298.76,84.79,Hybrid,2607.82,2314.05,293.77,366.1,107549.2
515.04,LEO,7253.79,309.59,26.84,Solid,2842.45,1511.67,1330.78,256.52,341371.69
534.18,LEO,6896.84,317.49,69.8,Liquid,2969.15,1366.86,1602.29,216.87,347488.63
687.62,LEO,7558.45,287.0,35.38,Hybrid,3580.57,1979.72,1600.85,224.21,358926.58
595.04,LEO,6847.64,275.94,12.53,Solid,3093.61,1103.3,1990.31,497.83,990836.03
442.31,Mars,7980.03,279.16,0.96,Liquid,2572.75,965.87,1606.88,435.08,699121.35
410.16,LEO,7641.22,290.26,48.98,Hybrid,2506.17,1375.04,1131.13,476.6,539096.56
549.19,Moon,6871.22,292.96,87.82,Solid,3062.94,2320.08,742.86,258.52,192044.17
367.98,Mars,7445.4,284.6,33.22,Hybrid,2286.41,1921.01,365.4,488.17,178377.32
683.15,GTO,7223.92,274.08,32.15,Hybrid,3522.94,2462.15,1060.79,242.8,257559.81
617.94,GTO,7759.59,290.88,30.97,Liquid,3313.1,1203.09,2110.01,352.72,744242.73
453.08,Moon,8270.23,303.63,46.85,Liquid,2736.34,1924.23,812.11,448.91,364564.3
328.69,Moon,6662.41,311.9,39.66,Solid,2063.53,1405.79,657.74,304.94,200571.24
635.39,Mars,7657.51,288.85,79.19,Liquid,3469.15,2717.93,751.22,327.45,245986.99
488.55,GTO,7519.93,291.74,45.5,Solid,2800.62,2226.91,573.71,238.46,136806.89
623.78,GTO,7935.67,281.47,45.7,Hybrid,3383.64,2777.7,605.94,236.88,143535.07
340.56,GTO,7706.6,299.37,12.45,Hybrid,2161.14,1185.34,975.8,385.87,376531.95
440.06,GTO,7224.02,283.03,88.45,Solid,2663.08,1914.01,749.07,402.66,301620.53
500.52,GTO,7440.47,311.46,22.5,Hybrid,2794.34,1288.05,1506.29,433.2,652524.83
504.7,LEO,7201.99,264.28,6.6,Liquid,2755.98,2479.28,276.7,367.0,101548.9
454.99,Moon,8138.0,292.81,59.68,Hybrid,2756.54,1116.95,1639.59,393.73,645555.77
562.28,LEO,7610.66,306.02,53.58,Liquid,3120.61,955.12,2165.49,204.06,441889.89
393.24,GTO,8550.6,303.68,37.36,Solid,2506.03,975.56,1530.47,248.65,380551.37
485.76,Mars,7569.67,353.86,38.0,Solid,2778.83,2127.26,651.57,495.47,322833.39
512.03,Mars,7245.8,307.0,70.66,Hybrid,2917.28,1657.22,1260.06,222.8,280741.37
551.44,GTO,6843.14,279.92,17.61,Hybrid,2928.87,1665.06,1263.81,403.64,510124.27
571.16,GTO,6698.43,298.09,73.82,Liquid,3105.48,2711.13,394.35,252.82,99699.57
387.54,Mars,6807.93,264.48,58.39,Liquid,2351.51,2002.97,348.54,415.02,144651.07
346.59,LEO,7733.56,298.39,37.71,Hybrid,2238.49,1089.51,1148.98,411.8,473149.96
627.77,LEO,7854.36,283.34,41.22,Hybrid,3382.49,1439.03,1943.46,270.26,525239.5
533.23,GTO,6809.4,318.31,23.1,Solid,2863.2,2316.58,546.62,280.89,153540.09
425.15,LEO,8047.52,289.01,67.69,Solid,2644.19,2230.67,413.52,396.43,163931.73
655.12,Mars,7358.47,297.66,46.16,Solid,3452.01,2157.36,1294.65,317.03,410442.89
511.57,LEO,7673.4,287.29,28.88,Hybrid,2874.86,1948.16,926.7,258.36,239422.21
617.93,GTO,8406.11,334.78,53.64,Hybrid,3422.6,1554.37,1868.23,419.5,783722.48
506.75,Mars,8048.42,293.58,89.62,Hybrid,3014.49,2352.75,661.74,246.24,162946.86
706.07,LEO,7465.73,336.65,39.17,Solid,3652.16,2480.82,1171.34,456.69,534939.26
675.53,Moon,7154.4,316.28,82.86,Hybrid,3586.44,2159.42,1427.02,354.4,505735.89
475.1,Mars,6524.09,309.64,31.05,Liquid,2618.14,879.87,1738.27,231.71,402774.54
597.16,Mars,7240.42,307.37,4.93,Hybrid,3125.8,2655.56,470.24,408.22,191961.37
564.54,Moon,7494.43,307.88,18.38,Hybrid,3047.61,2039.68,1007.93,355.75,358571.1
636.86,Moon,7106.41,261.45,37.68,Hybrid,3337.27,1387.02,1950.25,289.42,564441.36
403.51,Mars,7534.37,294.42,19.77,Hybrid,2410.41,1600.11,810.3,326.76,264773.63
568.61,Moon,7638.43,316.9,0.02,Hybrid,3041.48,2148.74,892.74,289.5,258448.23
605.84,GTO,7487.57,299.02,82.35,Liquid,3340.16,2055.74,1284.42,278.91,358237.58
324.13,GTO,7275.0,271.9,75.95,Liquid,2179.6,1592.98,586.62,249.08,146115.31
381.67,GTO,7684.33,298.95,66.81,Hybrid,2432.08,1578.11,853.97,308.83,263731.56
296.08,Mars,7820.97,334.08,15.1,Solid,1999.61,1736.98,262.63,275.3,72302.04
473.06,Moon,7054.8,324.94,10.83,Hybrid,2622.46,871.23,1751.23,405.03,709300.69
571.75,Moon,8305.47,298.76,6.08,Hybrid,3133.05,1139.64,1993.41,405.16,807650.0
650.24,LEO,7550.71,319.03,65.16,Hybrid,3489.49,1410.46,2079.03,350.55,728803.97
507.41,LEO,7609.42,292.67,83.59,Solid,2961.18,2114.59,846.59,433.38,366895.17
662.86,Moon,7954.11,265.92,38.75,Solid,3528.11,2425.07,1103.04,452.4,499015.3
361.99,Moon,7716.61,281.51,10.72,Solid,2244.61,1874.78,369.83,373.93,138290.53
329.66,Moon,8076.57,331.26,46.12,Liquid,2221.56,1643.35,578.21,385.68,223004.03
494.45,Mars,7743.56,294.52,31.39,Solid,2818.33,1705.13,1113.2,284.87,317117.28
538.41,Moon,7293.78,295.13,33.73,Liquid,2953.87,2644.01,309.86,468.46,145157.02
496.73,LEO,7780.75,294.0,55.92,Liquid,2880.24,1323.94,1556.3,207.26,322558.74
293.26,Mars,7028.14,338.08,64.68,Solid,2008.17,1606.37,401.8,304.58,122380.24
491.09,Moon,7654.28,332.52,9.95,Solid,2752.7,1530.71,1221.99,416.54,509007.71
369.55,LEO,7583.39,344.38,3.2,Solid,2245.84,1547.93,697.91,224.03,156352.78
566.97,Mars,7495.94,296.82,89.49,Liquid,3199.82,2356.22,843.6,254.95,215075.82
536.66,Moon,7535.73,305.91,20.95,Hybrid,2945.38,2003.6,941.78,376.79,354853.29
406.01,Moon,6659.08,269.67,4.84,Solid,2303.34,885.18,1418.16,368.0,521882.88
448.61,Moon,7325.64,329.54,17.09,Solid,2564.22,1450.76,1113.46,421.68,469523.81
394.08,Mars,7646.42,276.64,3.51,Solid,2351.6,1497.65,853.95,443.78,378965.93
493.73,LEO,7679.93,304.34,35.26,Liquid,2816.72,2279.93,536.79,238.57,128061.99
595.51,LEO,7086.16,278.05,72.22,Liquid,3238.69,1833.71,1404.98,205.51,288737.44
401.43,GTO,8232.85,288.22,30.71,Hybrid,2493.89,2122.92,370.97,406.89,150943.98
550.4,Moon,7166.91,283.25,39.98,Solid,3001.78,1693.68,1308.1,290.42,379898.4
446.97,GTO,8084.73,287.84,60.8,Liquid,2721.43,1712.51,1008.92,387.8,391259.18
420.71,GTO,7813.6,289.22,45.8,Hybrid,2559.26,1990.52,568.74,245.16,139432.3
489.3,LEO,7276.89,289.03,77.53,Solid,2843.41,1847.76,995.65,340.71,339227.91
396.48,Mars,8487.66,316.67,77.94,Liquid,2593.72,2272.44,321.28,351.33,112875.3
444.64,Mars,7003.18,277.9,0.89,Solid,2484.26,1729.55,754.71,375.52,283408.7
380.21,LEO,8059.58,304.41,70.02,Solid,2470.12,1515.73,954.39,353.95,337806.34
696.47,Mars,8100.29,324.36,41.47,Liquid,3681.93,1156.7,2525.23,348.71,880572.95
503.53,GTO,7264.69,289.74,89.0,Liquid,2922.04,1601.98,1320.06,299.82,395780.39
430.03,Moon,8296.23,285.64,43.49,Liquid,2640.22,1266.11,1374.11,221.35,304159.25
521.4,LEO,7474.98,295.39,88.82,Solid,3014.12,2257.16,756.96,226.86,171723.95
488.77,Moon,7744.35,323.59,67.91,Solid,2868.43,1218.99,1649.44,330.13,544529.63
477.9,Mars,7730.16,303.88,22.37,Hybrid,2732.65,1156.27,1576.38,306.74,483538.8
561.42,Moon,7532.85,289.38,48.46,Solid,3099.34,1282.23,1817.11,354.84,644783.31
575.75,Mars,8005.4,309.68,89.29,Liquid,3285.35,1233.22,2052.13,291.45,598093.29
446.95,Mars,7996.74,277.95,77.18,Solid,2745.43,1335.94,1409.49,406.37,572774.45
442.42,GTO,6725.73,313.63,8.76,Hybrid,2462.96,2048.08,414.88,459.19,190508.75
472.49,Mars,8252.17,308.17,63.57,Hybrid,2845.56,2176.73,668.83,289.66,193733.3
269.81,GTO,6768.75,293.84,31.1,Liquid,1821.72,1350.17,471.55,257.9,121612.74
348.48,GTO,8116.27,283.23,0.63,Liquid,2210.34,1720.53,489.81,234.85,115031.88
636.69,GTO,8163.35,282.27,36.31,Hybrid,3439.26,1587.74,1851.52,384.88,712613.02
664.5,LEO,7054.52,310.7,21.13,Hybrid,3408.93,2837.81,571.12,333.16,190274.34
475.1,LEO,7394.59,324.58,73.7,Hybrid,2790.34,1066.98,1723.36,256.4,441869.5
557.66,Mars,7047.15,287.25,30.36,Liquid,2999.56,1505.2,1494.36,395.94,591676.9
531.13,GTO,7492.54,309.17,74.48,Hybrid,3025.97,1973.08,1052.89,244.54,257473.72
807.89,LEO,7445.98,258.26,0.05,Hybrid,3980.13,1439.78,2540.35,366.29,930504.8
611.96,GTO,7989.83,288.31,27.7,Liquid,3305.69,2439.86,865.83,358.14,310088.36
487.21,Moon,8255.15,299.38,21.7,Solid,2821.1,1501.81,1319.29,420.27,554458.01
404.45,Moon,8297.84,281.81,21.02,Solid,2493.17,1921.35,571.82,216.53,123816.18
339.36,Moon,7318.92,281.27,6.14,Hybrid,2105.17,1254.13,851.04,466.36,396891.01
520.35,Mars,7495.39,286.64,16.84,Solid,2868.11,1171.69,1696.42,410.9,697058.98
424.36,GTO,6758.28,305.84,50.0,Solid,2476.54,1834.76,641.78,264.84,169969.02
357.77,Moon,7197.06,296.25,26.22,Solid,2206.6,995.81,1210.79,255.02,308775.67
435.34,LEO,8082.43,255.24,37.57,Solid,2628.66,1562.7,1065.96,329.5,351233.82
391.85,Moon,8407.79,257.59,33.92,Hybrid,2479.9,856.36,1623.54,445.27,722913.66
668.71,Moon,6982.83,287.86,78.83,Solid,3534.26,2370.5,1163.76,452.88,527043.63
588.16,Moon,7303.77,309.15,81.48,Solid,3249.21,2272.87,976.34,356.14,347713.73
499.2,Mars,7586.8,245.05,44.37,Liquid,2848.3,1501.64,1346.66,458.24,617093.48
647.99,LEO,7740.08,290.01,29.71,Hybrid,3428.84,2992.19,436.65,201.63,88041.74
507.74,GTO,7195.2,289.48,9.61,Liquid,2773.15,2286.47,486.68,210.55,102470.47
413.87,LEO,7812.03,327.77,85.81,Liquid,2611.35,1892.61,718.74,473.55,340359.33
652.31,GTO,7363.08,292.3,5.42,Hybrid,3359.81,2446.58,913.23,432.6,395063.3
553.89,Mars,7592.77,307.66,26.79,Solid,3031.67,1368.62,1663.05,335.21,557470.99
396.28,Mars,7873.14,302.83,26.83,Liquid,2429.4,1686.22,743.18,426.08,316654.13
480.97,Mars,7603.21,257.39,28.84,Hybrid,2745.77,1150.27,1595.5,486.69,776513.9
412.44,Mars,7381.81,315.36,14.79,Solid,2420.69,935.36,1485.33,431.63,641112.99
361.72,GTO,7545.2,304.31,70.48,Hybrid,2345.65,2110.34,235.31,452.71,106527.19
592.62,Moon,7555.82,310.17,11.02,Liquid,3151.33,2122.19,1029.14,428.18,440657.17
690.94,GTO,7414.99,378.52,57.14,Solid,3622.18,2023.32,1598.86,250.46,400450.48
360.14,LEO,7470.6,258.32,11.15,Solid,2213.79,1046.9,1166.89,450.07,525182.18
556.3,Mars,8399.32,334.49,6.35,Hybrid,3080.82,2040.59,1040.23,258.53,268930.66
434.94,Mars,7880.46,294.25,81.85,Solid,2694.9,888.66,1806.24,467.78,844922.95
451.29,LEO,7452.26,305.75,17.11,Liquid,2587.88,923.38,1664.5,337.59,561918.55
440.76,GTO,7948.48,299.09,73.91,Liquid,2709.05,866.12,1842.93,403.09,742866.65
413.6,Moon,7433.09,291.52,49.02,Liquid,2499.18,1498.26,1000.92,349.17,349491.24
504.85,Moon,8186.56,288.6,7.01,Hybrid,2855.54,1885.7,969.84,228.2,221317.49
416.9,LEO,7784.82,306.59,85.99,Solid,2621.32,884.66,1736.66,287.22,498803.49
527.05,Moon,7546.35,269.66,22.23,Solid,2911.0,2132.99,778.01,495.12,385208.31
494.98,GTO,7823.86,315.01,77.37,Solid,2920.22,1279.75,1640.47,488.21,800893.86
476.11,GTO,6814.56,291.68,15.19,Liquid,2619.7,1862.92,756.78,296.15,224120.4
409.24,LEO,7036.62,277.4,76.85,Solid,2497.93,2221.01,276.92,498.89,138152.62
442.32,GTO,7003.04,291.0,1.19,Liquid,2475.4,1769.08,706.32,453.67,320436.19
575.54,Mars,7671.47,325.14,46.06,Solid,3164.5,2626.27,538.23,383.29,206298.18
550.09,LEO,8466.26,289.29,69.25,Liquid,3188.94,2770.93,418.01,212.04,88634.84
402.24,GTO,8715.65,307.17,84.13,Solid,2652.04,1570.14,1081.9,470.43,508958.22
509.93,LEO,7919.03,285.38,81.83,Hybrid,2998.79,2163.31,835.48,367.23,306813.32
575.14,Moon,7850.42,315.16,73.77,Hybrid,3236.31,2625.23,611.08,460.54,281426.78
333.06,GTO,6699.47,313.71,79.94,Liquid,2165.25,1112.86,1052.39,450.33,473922.79
554.34,Mars,7328.66,336.97,17.93,Liquid,2989.05,1365.51,1623.54,449.9,730430.65
433.74,GTO,7206.11,296.49,25.58,Solid,2510.1,2178.66,331.44,409.45,135708.11
557.06,LEO,7289.58,313.37,26.01,Solid,3012.41,2216.48,795.93,287.42,228766.2
423.67,LEO,7515.93,301.96,33.93,Hybrid,2517.44,1087.05,1430.39,300.85,430332.83
319.51,GTO,7363.95,325.92,35.4,Solid,2088.3,1189.18,899.12,292.54,263028.56
337.25,Mars,6610.35,285.62,49.01,Liquid,2111.56,1642.52,469.04,206.01,96626.93
504.81,Mars,7973.96,314.9,14.39,Liquid,2848.59,1789.59,1059.0,374.77,396881.43
525.97,Mars,7063.63,296.11,62.21,Liquid,2938.04,2027.16,910.88,409.65,373141.99
409.57,LEO,7719.62,298.72,15.08,Liquid,2443.75,1838.34,605.41,456.16,276163.83
563.86,GTO,8637.04,301.84,27.93,Liquid,3178.32,2139.66,1038.66,242.05,251407.65
333.85,Moon,7140.31,305.04,45.3,Hybrid,2143.31,1337.53,805.78,363.25,292699.58
493.39,LEO,6334.86,297.68,71.68,Hybrid,2753.77,2064.69,689.08,202.4,139469.79
378.9,Mars,7457.0,304.29,66.55,Liquid,2397.69,1765.99,631.7,228.53,144362.4
434.82,GTO,8150.48,331.56,58.1,Solid,2673.54,1812.46,861.08,216.26,186217.16
504.74,Mars,8579.17,319.71,14.02,Liquid,2908.04,1500.18,1407.86,417.64,587978.65
413.96,Moon,6985.23,317.38,49.23,Hybrid,2455.97,1334.79,1121.18,224.32,251503.1
461.54,Mars,7848.35,290.89,7.87,Liquid,2650.17,2338.15,312.02,414.94,129469.58
600.63,Mars,7367.34,282.22,33.96,Hybrid,3210.72,1179.72,2031.0,274.89,558301.59
442.31,Moon,7547.03,319.11,37.22,Hybrid,2601.52,1199.57,1401.95,463.31,649537.45
583.57,GTO,8922.17,317.52,3.58,Liquid,3236.81,1927.33,1309.48,443.94,581330.55
387.03,LEO,6848.51,329.45,24.66,Liquid,2285.33,1832.92,452.41,487.35,220482.01
552.98,GTO,7726.87,287.92,86.01,Solid,3160.1,1258.37,1901.73,465.13,884551.67
644.16,Moon,7833.85,295.41,85.83,Hybrid,3535.07,1647.95,1887.12,480.0,905817.6
252.84,Mars,8142.89,267.21,31.71,Solid,1892.81,642.57,1250.24,457.62,572134.83
420.31,GTO,7648.99,292.15,3.88,Liquid,2457.32,1778.1,679.22,408.01,277128.55
557.71,LEO,7754.03,319.93,16.12,Hybrid,3041.61,1347.21,1694.4,251.08,425429.95
479.7,Moon,7404.18,290.67,35.3,Solid,2733.26,1457.39,1275.87,281.51,359170.16
537.11,GTO,7734.56,312.81,85.3,Solid,3095.69,1752.84,1342.85,263.82,354270.69
439.6,LEO,7428.4,296.19,12.71,Solid,2530.04,2112.05,417.99,381.08,159287.63
508.66,Moon,7910.79,306.48,68.72,Liquid,2966.42,1622.03,1344.39,351.09,472001.89
484.43,LEO,7415.19,277.05,9.78,Liquid,2702.41,1046.2,1656.21,460.12,762055.35
616.78,Moon,7788.55,301.7,88.31,Liquid,3425.91,2105.53,1320.38,485.8,641440.6
525.44,Mars,7585.37,240.18,34.35,Hybrid,2933.16,2574.65,358.51,321.46,115246.62
533.76,GTO,8163.03,296.26,69.77,Liquid,3094.26,2056.48,1037.78,351.91,365205.16
458.81,LEO,7574.3,267.39,30.83,Hybrid,2658.07,2365.77,292.3,491.45,143650.84
451.24,Moon,6713.48,324.12,56.49,Solid,2592.37,2085.99,506.38,282.87,143239.71
456.74,LEO,8230.96,315.55,17.28,Solid,2687.79,864.34,1823.45,437.72,798160.53
539.45,LEO,7147.13,309.33,13.14,Liquid,2902.03,2017.03,885.0,267.57,236799.45
457.9,GTO,7273.12,330.42,84.43,Solid,2730.8,1289.1,1441.7,404.44,583081.15
528.98,Mars,7302.17,281.02,82.59,Liquid,3014.88,1916.77,1098.11,276.08,303166.21
707.54,LEO,8287.22,334.95,79.87,Hybrid,3821.61,1787.01,2034.6,465.12,946333.15
587.11,Moon,6532.16,318.64,56.29,Solid,3117.37,1587.75,1529.62,368.44,563573.19
467.4,Moon,9168.87,295.27,72.74,Liquid,2935.35,2506.5,428.85,255.78,109691.25
620.12,Mars,8128.03,322.71,6.21,Solid,3308.8,1402.88,1905.92,267.31,509471.48
459.19,Moon,7711.62,277.87,30.13,Solid,2671.78,2202.79,468.99,348.15,163278.87
296.19,Mars,7572.55,283.51,28.23,Liquid,2002.0,637.19,1364.81,488.48,666682.39
399.19,Moon,7742.78,287.83,57.21,Solid,2488.93,882.39,1606.54,430.89,692242.02
312.92,GTO,7860.56,289.42,32.04,Solid,2105.27,1711.17,394.1,346.49,136551.71
464.85,LEO,7922.61,278.87,13.37,Solid,2681.99,1819.28,862.71,301.32,259951.78
501.84,GTO,7877.8,324.46,53.68,Solid,2905.58,2174.37,731.21,364.78,266730.78
667.64,LEO,7644.79,294.82,73.29,Hybrid,3585.01,1525.96,2059.05,424.51,874087.32
532.69,LEO,7501.33,307.05,34.39,Solid,2952.93,1837.46,1115.47,435.18,485430.23
478.09,LEO,7524.36,288.59,11.9,Solid,2692.06,1998.4,693.66,297.38,206280.61
582.94,GTO,7502.55,263.59,17.7,Liquid,3121.21,2111.15,1010.06,416.35,420538.48
278.89,LEO,8166.89,305.4,21.37,Hybrid,1978.26,1153.36,824.9,397.34,327765.77
523.56,GTO,7896.78,261.75,26.99,Liquid,2941.72,2576.57,365.15,487.73,178094.61
577.09,Mars,6129.81,298.63,57.85,Liquid,3040.39,2145.59,894.8,479.33,428904.48
352.14,Moon,7927.95,272.63,54.09,Liquid,2313.2,1953.85,359.35,436.81,156967.67
614.38,Moon,7697.37,339.75,62.65,Hybrid,3355.5,2475.9,879.6,417.02,366810.79
533.85,LEO,7590.65,318.23,32.63,Liquid,2962.87,2196.31,766.56,282.21,216330.9
458.47,GTO,7405.74,302.12,74.16,Liquid,2726.08,948.71,1777.37,453.79,806552.73
563.28,Moon,8162.06,325.27,18.37,Liquid,3109.14,1603.32,1505.82,328.25,494285.42
727.07,GTO,8073.76,283.07,42.21,Solid,3803.61,3100.02,703.59,281.67,198180.2
518.19,GTO,7213.56,310.87,72.08,Liquid,2941.49,1292.97,1648.52,315.25,519695.93
524.82,LEO,7803.53,304.0,16.21,Hybrid,2915.34,1076.65,1838.69,450.78,828844.68
454.06,Moon,7114.17,305.28,9.89,Hybrid,2550.71,1264.29,1286.42,244.59,314645.47
415.02,LEO,6910.19,325.45,79.53,Solid,2513.23,1086.38,1426.85,336.85,480634.42
583.03,LEO,7286.64,314.65,30.86,Hybrid,3125.68,2673.0,452.68,347.71,157401.36
414.39,Moon,8031.2,305.77,61.55,Hybrid,2587.05,2123.4,463.65,210.99,97825.51
507.16,Moon,8076.56,266.9,2.28,Solid,2844.6,1706.22,1138.38,258.72,294521.67
452.23,Mars,7856.54,280.8,62.1,Liquid,2722.34,916.9,1805.44,448.02,808873.23
547.9,Mars,7962.55,297.55,28.45,Solid,3048.12,2221.28,826.84,449.23,371441.33
533.37,GTO,7858.09,301.87,5.02,Liquid,2932.64,1976.74,955.9,287.72,275031.55
603.75,Moon,7279.26,277.4,54.88,Liquid,3256.29,2873.13,383.16,462.47,177200.01
449.0,Mars,7815.96,348.23,21.67,Hybrid,2623.81,1667.1,956.71,431.53,412849.07
473.01,GTO,8000.2,330.33,34.81,Solid,2764.71,1387.43,1377.28,325.37,448125.59
402.12,GTO,7977.15,312.04,7.25,Hybrid,2423.9,1482.0,941.9,424.52,399855.39
455.57,GTO,8194.46,301.44,13.24,Hybrid,2671.52,2371.13,300.39,488.4,146710.48
537.73,Mars,7954.15,295.76,26.82,Liquid,3003.36,2155.86,847.5,337.69,286192.28
575.7,Moon,7775.72,280.96,8.08,Hybrid,3100.09,2179.94,920.15,271.53,249848.33
407.78,LEO,8135.08,301.55,81.97,Solid,2611.88,1160.74,1451.14,482.54,700233.1
586.96,GTO,7586.74,305.16,0.54,Hybrid,3110.87,2321.21,789.66,381.12,300955.22
635.56,Mars,7159.06,275.16,43.55,Hybrid,3348.88,2512.21,836.67,231.58,193756.04
541.34,Mars,7518.47,306.68,11.09,Liquid,2942.65,1443.0,1499.65,371.8,557569.87
687.68,LEO,7227.55,296.89,27.69,Solid,3532.22,2084.82,1447.4,350.17,506836.06
422.62,LEO,7262.41,261.84,83.35,Hybrid,2587.24,1233.5,1353.74,456.68,618225.98
375.53,Mars,7527.74,282.79,14.55,Liquid,2287.53,1041.34,1246.19,359.21,447643.91
322.13,Moon,7203.79,291.73,86.92,Hybrid,2186.17,689.82,1496.35,276.57,413845.52
649.6,LEO,7446.02,337.75,18.52,Solid,3383.0,1593.82,1789.18,402.69,720484.89
565.44,Mars,6653.19,311.13,66.74,Hybrid,3063.77,1937.47,1126.3,362.77,408587.85
494.44,LEO,7706.65,273.29,49.2,Hybrid,2850.48,857.88,1992.6,269.91,537822.67
528.0,Moon,7600.6,309.72,79.6,Liquid,3034.49,1426.0,1608.49,372.09,598503.04
387.45,GTO,7191.46,269.05,49.86,Hybrid,2372.38,1966.34,406.04,446.46,181280.62
744.58,LEO,7929.62,321.65,48.11,Liquid,3870.61,2539.85,1330.76,208.57,277556.61
512.92,Moon,8068.79,290.58,17.59,Solid,2897.18,1925.81,971.37,389.26,378115.49
510.94,Mars,6796.22,298.13,14.96,Hybrid,2756.66,1494.16,1262.5,304.88,384911.0
572.58,LEO,7218.64,326.52,82.48,Solid,3180.21,2244.86,935.35,287.8,269193.73
548.1,LEO,7215.43,274.26,29.51,Solid,2976.61,1232.2,1744.41,317.78,554338.61
522.39,Mars,7130.05,272.06,33.49,Hybrid,2873.22,2273.43,599.79,302.61,181502.45
420.95,GTO,8014.74,288.33,68.38,Liquid,2625.5,971.47,1654.03,449.67,743767.67
547.15,Mars,7503.09,320.77,30.49,Solid,3003.01,2082.89,920.12,282.44,259878.69
688.2,LEO,7467.74,269.61,85.69,Solid,3674.66,1854.56,1820.1,419.95,764351.0
634.54,Mars,6598.07,243.36,66.41,Hybrid,3334.9,2496.2,838.7,228.22,191408.11
659.32,Moon,7917.71,290.98,53.77,Hybrid,3540.03,2229.72,1310.31,485.42,636050.68
448.88,Mars,6980.37,311.03,79.28,Hybrid,2655.33,1517.29,1138.04,386.69,440068.69
401.04,LEO,7629.97,324.01,4.46,Hybrid,2379.16,955.6,1423.56,412.02,586535.19
487.42,Mars,7738.69,290.74,23.14,Hybrid,2773.27,1891.63,881.64,289.41,255155.43
505.57,GTO,8280.33,291.77,41.85,Hybrid,2937.44,2599.23,338.21,323.63,109454.9
609.42,Mars,6945.59,323.08,20.43,Liquid,3176.19,2526.22,649.97,267.13,173626.49
330.75,GTO,6090.24,262.61,66.95,Solid,2069.73,695.44,1374.29,479.76,659329.37
652.96,Moon,7691.92,292.23,82.73,Liquid,3549.91,1866.32,1683.59,346.43,583246.08
484.2,GTO,8500.26,303.81,38.14,Liquid,2866.4,2451.77,414.63,389.13,161344.97
457.31,Mars,8219.47,308.98,30.79,Hybrid,2716.0,1634.56,1081.44,420.28,454507.6
398.79,LEO,7704.83,289.8,86.54,Solid,2542.17,1772.57,769.6,311.33,239599.57
334.51,GTO,7354.18,300.69,40.04,Liquid,2156.86,1828.07,328.79,416.03,136786.5
582.32,Moon,8003.56,250.23,44.01,Hybrid,3221.65,2655.53,566.12,402.8,228033.14
507.33,GTO,7113.23,286.84,31.65,Hybrid,2807.43,1687.52,1119.91,411.7,461066.95
371.0,GTO,7838.18,309.07,81.86,Solid,2434.77,1369.77,1065.0,346.77,369310.05
370.49,GTO,7852.74,280.35,51.21,Liquid,2373.22,1195.67,1177.55,314.88,370786.94
466.42,Moon,8130.1,301.18,68.6,Liquid,2819.21,2062.0,757.21,266.62,201887.33
666.9,Mars,8979.83,308.94,73.06,Liquid,3714.94,1754.17,1960.77,447.39,877228.89
474.04,GTO,7796.21,293.15,30.77,Hybrid,2740.73,1233.14,1507.59,382.51,576668.25
349.69,GTO,7345.52,303.41,39.03,Solid,2214.67,1137.79,1076.88,333.31,358934.87
475.43,LEO,7587.21,280.75,76.36,Solid,2816.72,1144.52,1672.2,483.2,808007.04
472.73,Moon,6715.46,295.87,32.69,Liquid,2631.23,1886.78,744.45,214.35,159572.86
230.31,GTO,7252.64,312.2,71.45,Hybrid,1792.61,1200.59,592.02,455.05,269398.7
494.57,Moon,7395.36,303.14,84.69,Liquid,2890.49,1704.6,1185.89,499.27,592079.3
476.91,GTO,7337.96,288.27,56.09,Solid,2757.08,1472.82,1284.26,466.08,598567.9
569.62,Mars,7676.18,304.48,66.75,Hybrid,3182.88,2690.93,491.95,443.13,217997.8
684.9,Mars,7188.79,314.29,72.46,Liquid,3606.58,1145.0,2461.58,312.29,768726.82
612.66,GTO,8160.52,259.0,76.05,Liquid,3422.65,2606.23,816.42,269.39,219935.38
473.11,Mars,7600.1,323.18,35.55,Hybrid,2726.64,2293.5,433.14,420.46,182118.04
389.35,GTO,7595.35,293.27,4.61,Solid,2329.56,1322.75,1006.81,291.37,293354.23
757.34,Mars,7436.05,308.51,36.17,Hybrid,3848.55,2426.18,1422.37,252.81,359589.36
505.92,LEO,7677.6,323.94,60.64,Liquid,2915.81,2527.07,388.74,435.96,169475.09
501.39,LEO,8012.55,272.57,40.53,Liquid,2891.54,1235.75,1655.79,293.76,486404.87
497.59,LEO,7166.43,285.81,67.41,Liquid,2845.32,1741.57,1103.75,474.33,523541.74
519.81,Moon,7270.94,294.23,32.13,Liquid,2873.99,1680.8,1193.19,452.19,539548.59
485.56,Moon,7448.14,284.32,57.13,Solid,2804.83,1276.3,1528.53,454.29,694395.89
442.63,LEO,6927.06,334.7,16.78,Solid,2499.77,1977.71,522.06,431.47,225253.23
445.31,Moon,7190.37,282.86,67.44,Liquid,2638.69,2215.87,422.82,464.26,196298.41
496.72,Mars,7361.89,288.89,49.11,Solid,2824.75,2172.68,652.07,441.72,288032.36
445.66,GTO,8037.19,304.09,18.37,Solid,2626.39,1095.77,1530.62,380.75,582783.56
428.72,GTO,7731.28,275.96,26.27,Solid,2544.17,895.67,1648.5,288.75,476004.38
510.64,GTO,7696.79,292.09,67.37,Liquid,2950.4,1956.9,993.5,466.46,463428.01
474.5,LEO,8025.45,306.35,43.43,Hybrid,2790.67,932.8,1857.87,452.18,840091.66
650.4,Moon,7531.31,293.34,19.44,Hybrid,3397.02,2390.47,1006.55,341.86,344099.18
234.9,Mars,7795.23,298.13,87.05,Hybrid,1896.58,1172.57,724.01,211.72,153287.4
609.15,Mars,7548.39,289.41,64.36,Liquid,3323.61,2318.79,1004.82,391.56,393447.32
624.61,LEO,7732.68,269.71,86.14,Solid,3447.7,2255.15,1192.55,215.18,256612.91
292.66,Mars,7308.62,306.43,38.44,Solid,1981.65,1097.08,884.57,477.88,422718.31
465.73,Mars,6380.59,335.1,42.76,Liquid,2589.48,1088.94,1500.54,488.49,732998.78
462.86,Mars,7532.86,300.37,80.82,Liquid,2769.7,1338.93,1430.77,256.85,367493.27
359.25,Mars,8311.37,304.51,47.25,Hybrid,2365.92,1454.33,911.59,402.92,367297.84
422.22,Moon,8063.11,313.85,63.66,Hybrid,2625.7,1814.68,811.02,227.68,184653.03
388.94,Mars,8082.7,274.61,22.7,Liquid,2413.07,1852.49,560.58,418.86,234804.54
675.23,GTO,8218.07,334.05,40.21,Hybrid,3606.14,2741.76,864.38,304.19,262935.75
593.57,LEO,7644.33,304.05,11.11,Solid,3164.22,2795.95,368.27,404.32,148898.93
627.16,Moon,7698.66,332.64,18.54,Liquid,3318.59,1564.73,1753.86,311.86,546958.78
572.17,Mars,7291.17,285.34,0.08,Liquid,3021.46,1035.35,1986.11,243.67,483955.42
387.09,Moon,7441.96,336.36,3.53,Solid,2302.59,1168.32,1134.27,321.83,365042.11
447.55,Mars,7907.89,315.5,87.96,Solid,2760.08,2058.96,701.12,233.8,163921.86
548.94,GTO,8201.94,311.06,21.81,Solid,3062.79,1723.94,1338.85,373.06,499471.38
377.79,LEO,7530.28,304.68,59.7,Hybrid,2386.87,1887.23,499.64,212.29,106068.58
571.3,Mars,7374.91,295.03,75.52,Liquid,3177.12,2000.3,1176.82,358.2,421536.92
475.97,Mars,7600.26,324.01,49.56,Hybrid,2766.11,2372.98,393.13,465.91,183163.2
462.52,Mars,7900.6,302.81,13.78,Solid,2671.0,2320.35,350.65,451.36,158269.38
571.1,Mars,6878.07,260.66,65.53,Hybrid,3107.1,1061.33,2045.77,464.83,950935.27
544.43,LEO,6451.91,277.66,54.02,Solid,2934.55,1683.99,1250.56,476.61,596029.4
463.9,LEO,7324.73,296.28,65.81,Hybrid,2723.07,1813.06,910.01,231.36,210539.91
615.93,GTO,6989.64,306.2,69.28,Hybrid,3304.51,1498.67,1805.84,238.62,430909.54
391.89,LEO,7345.93,298.87,87.79,Solid,2481.08,1350.32,1130.76,367.1,415102.0
561.59,Mars,7526.11,324.38,51.62,Hybrid,3105.29,2194.23,911.06,468.19,426549.18
559.31,GTO,7373.38,260.98,30.75,Liquid,3039.91,1325.52,1714.39,492.3,843994.2
469.05,GTO,8326.23,302.87,58.36,Hybrid,2828.84,1870.4,958.44,213.88,204991.15
532.61,GTO,7763.37,263.64,6.16,Hybrid,2922.89,2100.0,822.89,306.73,252405.05
374.89,Mars,7750.24,315.19,80.77,Liquid,2439.3,864.24,1575.06,263.87,415611.08
592.4,Moon,7911.1,298.11,10.74,Solid,3185.54,1906.6,1278.94,426.79,545838.8
481.51,Mars,7030.58,308.39,29.51,Liquid,2691.36,1232.23,1459.13,392.06,572066.51
447.73,LEO,8119.56,282.72,73.42,Hybrid,2753.25,2022.63,730.62,235.97,172404.4
604.9,LEO,7562.12,325.59,53.76,Solid,3286.4,1359.69,1926.71,345.06,664830.55
429.57,Mars,7935.24,320.83,35.43,Hybrid,2585.78,2160.01,425.77,405.63,172705.09
359.15,Mars,7064.07,311.67,42.61,Hybrid,2231.44,1246.4,985.04,433.7,427211.85
344.34,GTO,6823.12,297.41,76.91,Liquid,2216.85,928.42,1288.43,206.02,265442.35
560.6,Mars,8008.94,311.6,30.6,Liquid,3107.7,1749.05,1358.65,467.14,634679.76
371.96,GTO,7788.2,285.86,78.27,Solid,2426.7,1323.15,1103.55,370.78,409174.27
675.48,LEO,7148.97,317.11,7.93,Solid,3435.83,1914.96,1520.87,443.57,674612.31
291.81,GTO,7165.17,332.99,69.91,Solid,2026.58,1319.99,706.59,442.38,312581.28
669.65,Mars,8162.72,321.41,76.28,Hybrid,3650.54,2236.7,1413.84,256.96,363300.33
521.1,LEO,7005.29,285.41,16.36,Liquid,2821.15,1099.87,1721.28,233.05,401144.3
490.33,Moon,8421.34,307.23,38.73,Liquid,2884.17,978.74,1905.43,416.39,793402.0
445.51,GTO,7149.69,274.14,14.89,Liquid,2530.44,1866.58,663.86,246.93,163926.95
539.91,LEO,7919.2,311.45,63.59,Solid,3081.95,1959.6,1122.35,454.98,510646.8
496.24,GTO,7435.69,309.01,48.18,Liquid,2828.13,1457.62,1370.51,417.86,572681.31
610.33,LEO,7901.59,262.6,57.18,Liquid,3349.65,2629.52,720.13,452.55,325894.83
511.42,LEO,7327.94,276.76,17.68,Liquid,2817.45,1501.24,1316.21,289.7,381306.04
515.03,GTO,7518.6,294.34,19.06,Solid,2853.5,2218.82,634.68,294.98,187217.91
463.64,Moon,7620.46,293.98,3.73,Liquid,2627.47,1270.26,1357.21,401.37,544743.38
494.31,LEO,7098.91,275.81,28.99,Solid,2748.74,944.76,1803.98,209.43,377807.53
530.78,LEO,7970.41,307.78,50.38,Liquid,3024.17,2599.53,424.64,417.95,177478.29
328.98,LEO,7343.39,305.03,77.21,Liquid,2207.96,1185.08,1022.88,450.73,461042.7
365.18,Moon,7485.7,296.11,60.02,Liquid,2332.71,1809.29,523.42,324.55,169875.96
574.33,Moon,7102.83,284.88,39.19,Solid,3089.49,1444.29,1645.2,429.46,706547.59
517.09,Mars,6318.83,320.97,85.78,Solid,2874.92,1977.42,897.5,252.38,226511.05
481.6,GTO,7504.49,333.11,64.73,Liquid,2809.31,2314.83,494.48,296.68,146702.33
501.84,Moon,8806.31,290.33,83.71,Hybrid,3058.86,994.09,2064.77,492.29,1016465.62
534.76,GTO,7992.3,287.76,47.48,Solid,3036.71,2424.45,612.26,495.9,303619.73
446.02,Mars,7590.37,309.82,23.3,Solid,2592.94,1666.74,926.2,353.78,327671.04
422.17,GTO,7468.55,292.84,4.75,Liquid,2448.45,1626.95,821.5,480.28,394550.02
519.58,Moon,7611.23,297.21,65.35,Hybrid,2973.51,1825.42,1148.09,356.82,409661.47
402.16,GTO,7873.56,314.79,10.92,Liquid,2421.01,1996.57,424.44,287.48,122018.01
540.83,Moon,7009.59,261.81,27.25,Solid,2922.6,952.94,1969.66,280.07,551642.68
329.74,GTO,8157.16,326.37,47.92,Solid,2233.58,1019.89,1213.69,478.85,581175.46
602.92,Moon,7957.69,301.45,50.8,Liquid,3312.37,2734.22,578.15,251.73,145537.7
547.26,Moon,7959.09,291.77,54.05,Liquid,3096.48,2326.72,769.76,373.89,287805.57
525.6,GTO,7819.24,298.22,14.96,Hybrid,2917.6,906.17,2011.43,366.66,737510.92
598.27,Mars,7609.81,299.25,34.18,Hybrid,3225.76,1968.37,1257.39,421.89,530480.27
666.55,LEO,7936.43,265.38,55.55,Solid,3574.71,2208.25,1366.46,349.77,477946.71
601.44,Mars,7895.91,329.9,87.28,Hybrid,3372.94,1823.17,1549.77,281.69,436554.71
315.91,GTO,7422.98,300.83,65.49,Hybrid,2140.24,1023.97,1116.27,250.82,279982.84
372.04,Mars,7313.2,308.86,83.03,Solid,2388.78,1693.73,695.05,386.25,268463.06
437.52,Moon,7650.93,319.03,68.6,Solid,2655.51,1127.73,1527.78,415.7,635098.15
502.61,LEO,8374.51,279.58,53.25,Solid,2957.97,2305.35,652.62,370.86,242030.65
551.77,GTO,6980.45,309.47,17.28,Solid,2942.92,2300.84,642.08,421.51,270643.14
427.43,GTO,6866.24,294.65,60.0,Liquid,2519.74,1383.73,1136.01,242.46,275436.98
518.68,GTO,7682.38,316.94,56.1,Solid,2958.31,1390.79,1567.52,464.74,728489.24
424.46,LEO,7625.44,257.46,54.22,Solid,2572.71,1210.01,1362.7,374.72,510630.94
438.85,Moon,7686.67,298.02,44.08,Solid,2615.58,1541.56,1074.02,238.05,255670.46
359.33,GTO,7721.98,287.94,47.58,Hybrid,2308.15,1688.98,619.17,338.58,209638.58
407.68,Mars,7488.4,308.65,30.1,Solid,2443.0,1258.93,1184.07,453.44,536904.7
364.83,GTO,8344.93,309.4,46.74,Liquid,2390.53,1592.16,798.37,469.27,374651.09
402.41,GTO,6799.55,285.85,17.78,Liquid,2328.65,1233.0,1095.65,279.39,306113.65
605.36,GTO,7185.75,285.76,72.47,Solid,3288.45,1587.38,1701.07,413.38,703188.32
405.06,GTO,7548.37,297.79,16.72,Liquid,2411.88,759.54,1652.34,230.0,380038.2
763.24,Moon,6778.41,282.07,7.65,Hybrid,3749.65,1133.7,2615.95,210.06,549506.46
549.33,Mars,7512.07,316.84,39.26,Solid,3030.2,1322.15,1708.05,368.12,628767.37
518.48,Moon,8430.74,292.62,59.25,Liquid,3038.91,1652.69,1386.22,408.45,566201.56
414.16,Mars,7610.44,241.86,39.39,Liquid,2500.6,2027.38,473.22,438.74,207620.54
570.03,GTO,7715.35,292.5,24.91,Solid,3104.89,2418.99,685.9,302.06,207182.95
442.44,LEO,6969.92,279.23,50.24,Liquid,2570.81,1183.34,1387.47,201.96,280213.44
512.2,Moon,7291.82,267.37,31.23,Solid,2844.18,1270.56,1573.62,343.86,541104.97
756.01,LEO,7412.4,275.25,83.96,Liquid,3936.83,1718.01,2218.82,204.76,454325.58
490.39,Moon,7441.14,302.19,83.04,Hybrid,2875.06,1447.71,1427.35,227.6,324864.86
614.93,GTO,8240.82,326.57,45.21,Liquid,3377.28,2022.72,1354.56,298.01,403672.43
429.68,Moon,7878.85,306.26,29.51,Liquid,2568.89,1446.8,1122.09,331.15,371580.1
496.5,GTO,7044.27,287.87,66.34,Solid,2826.58,1218.15,1608.43,283.84,456536.77
677.08,Moon,7723.25,309.12,3.3,Liquid,3490.48,1320.35,2170.13,374.56,812843.89
437.3,GTO,7849.11,290.82,42.73,Solid,2623.01,806.7,1816.31,216.6,393412.75
681.24,GTO,8170.07,286.11,30.27,Hybrid,3606.0,1414.91,2191.09,243.37,533245.57
570.78,Mars,8390.27,276.91,82.85,Solid,3291.46,2380.43,911.03,408.58,372228.64
443.75,GTO,7092.45,264.96,1.08,Solid,2490.18,1111.08,1379.1,242.64,334624.82
563.24,Mars,7194.57,292.2,49.75,Liquid,3075.34,1787.27,1288.07,391.93,504833.28
597.26,GTO,6971.21,303.16,66.66,Hybrid,3222.78,2110.21,1112.57,216.41,240771.27
562.18,LEO,7482.99,298.07,43.65,Solid,3087.67,2569.26,518.41,322.21,167036.89
342.98,GTO,7833.18,291.68,7.69,Liquid,2174.05,1811.66,362.39,253.22,91764.4
427.29,LEO,8093.67,281.09,87.52,Liquid,2697.12,2015.94,681.18,232.89,158640.01
475.25,LEO,7562.02,312.16,46.62,Solid,2753.65,884.18,1869.47,370.11,691909.54
492.56,GTO,7440.08,273.66,55.28,Liquid,2828.46,1824.48,1003.98,478.5,480404.43
562.07,LEO,7675.88,315.52,21.29,Solid,3061.62,2363.42,698.2,216.44,151118.41
517.77,Mars,7182.43,279.96,43.51,Solid,2879.91,893.85,1986.06,326.47,648389.01
366.47,Moon,8644.77,284.95,38.62,Solid,2411.11,1518.54,892.57,412.26,367970.91
538.02,GTO,6796.17,270.66,6.74,Hybrid,2848.87,2320.86,528.01,338.81,178895.07
561.06,LEO,7692.37,289.97,9.55,Solid,3036.03,1774.44,1261.59,441.95,557559.7
555.98,GTO,8611.8,319.51,75.37,Liquid,3238.97,979.67,2259.3,253.89,573613.68
608.08,Mars,7603.4,310.31,21.58,Hybrid,3239.04,993.12,2245.92,487.88,1095739.45
583.39,GTO,7504.98,319.57,17.55,Liquid,3122.29,1717.2,1405.09,315.55,443376.15
545.92,GTO,7421.28,310.44,45.44,Hybrid,3019.91,1186.84,1833.07,302.47,554448.68
492.98,LEO,7509.8,277.93,69.19,Hybrid,2864.88,2001.61,863.27,462.38,399158.78
333.9,Mars,8286.42,293.38,5.58,Hybrid,2178.81,1580.25,598.56,369.16,220964.41
542.96,Moon,6494.07,284.4,51.91,Hybrid,2928.58,1191.14,1737.44,354.93,616669.58
520.77,Moon,8366.72,326.61,10.73,Liquid,2944.27,2452.93,491.34,418.09,205424.34
527.16,LEO,6888.02,276.06,3.28,Solid,2807.62,1586.71,1220.91,373.95,456559.29
372.33,GTO,7466.67,317.87,4.75,Liquid,2248.63,867.31,1381.32,248.75,343603.35
391.89,LEO,7385.38,317.86,75.07,Solid,2459.38,1865.57,593.81,402.26,238866.01
605.32,LEO,7894.28,336.59,10.62,Liquid,3234.92,2503.78,731.14,240.04,175502.85
496.04,LEO,6800.94,291.81,4.06,Hybrid,2675.8,1829.12,846.68,441.76,374029.36
568.15,GTO,7831.09,314.25,39.41,Hybrid,3137.71,2548.07,589.64,496.92,293003.91
502.83,Mars,8612.15,345.63,75.96,Solid,3027.35,2247.58,779.77,313.22,244239.56
502.98,LEO,6918.41,287.65,23.62,Solid,2754.48,2284.35,470.13,333.43,156755.45
593.83,GTO,7694.85,269.3,37.95,Liquid,3224.42,1806.75,1417.67,213.93,303282.14
448.4,Mars,7269.01,262.4,3.59,Solid,2531.49,1894.97,636.52,204.12,129926.46
509.61,LEO,7812.94,314.25,40.42,Liquid,2903.76,2612.95,290.81,476.43,138550.61
453.77,Moon,7609.57,262.34,51.99,Solid,2683.83,1972.5,711.33,238.59,169716.22
456.55,Mars,7279.26,292.55,51.38,Solid,2660.3,980.35,1679.95,333.73,560649.71
469.08,LEO,7843.94,308.75,29.92,Solid,2723.79,1664.21,1059.58,444.61,471099.86
522.21,Mars,8502.17,303.7,28.4,Hybrid,2999.15,1956.67,1042.48,466.8,486629.66
452.13,Mars,7504.55,308.51,9.6,Hybrid,2581.42,1044.25,1537.17,355.82,546955.83
625.58,Mars,7959.88,304.45,33.01,Liquid,3367.61,2955.87,411.74,369.51,152142.05
410.54,Mars,6953.36,325.58,8.95,Solid,2358.47,956.0,1402.47,400.91,562264.25
481.31,Mars,7121.78,280.95,68.99,Liquid,2778.96,1129.74,1649.22,488.41,805495.54
456.03,Mars,7836.2,286.46,86.96,Solid,2785.15,2364.87,420.28,380.8,160042.62
644.7,LEO,8342.06,284.55,87.31,Hybrid,3591.14,2079.71,1511.43,367.84,555964.41
519.66,Moon,7777.81,316.6,77.86,Hybrid,3015.3,1018.91,1996.39,204.36,407982.26
603.18,GTO,7443.47,318.01,54.07,Solid,3268.35,2153.56,1114.79,224.28,250025.1
351.44,Mars,7599.65,309.02,63.08,Solid,2295.12,1517.29,777.83,373.15,290247.26
526.71,GTO,6974.8,323.67,25.67,Hybrid,2858.75,968.26,1890.49,480.87,909079.93
588.96,LEO,7902.26,276.44,56.77,Hybrid,3263.22,2883.1,380.12,460.01,174859.0
508.23,Mars,8041.17,333.34,41.01,Liquid,2922.06,1830.43,1091.63,494.77,540105.78
606.55,Moon,7373.95,330.46,43.38,Hybrid,3253.38,2068.75,1184.63,358.35,424512.16
448.27,GTO,7364.98,314.71,68.2,Solid,2669.16,1633.71,1035.45,436.38,451849.67
640.93,Mars,7732.94,335.64,25.37,Liquid,3390.73,2259.71,1131.02,452.12,511356.76
729.89,LEO,7381.64,266.87,28.62,Solid,3718.71,1705.33,2013.38,394.41,794097.21
463.72,Moon,7566.93,289.51,83.22,Liquid,2781.47,1313.81,1467.66,301.62,442675.61
455.45,GTO,8649.86,285.29,5.06,Solid,2700.41,1638.62,1061.79,340.99,362059.77
645.34,GTO,7476.49,314.43,43.71,Hybrid,3419.61,2681.01,738.6,457.38,337820.87
657.96,Mars,7420.83,279.0,82.15,Solid,3541.81,1168.51,2373.3,289.56,687212.75
447.71,Moon,7276.23,315.15,54.93,Liquid,2631.5,1742.16,889.34,477.12,424321.9
457.98,Moon,7972.1,327.41,49.18,Solid,2730.54,2140.93,589.61,268.94,158569.71
471.82,Moon,7509.39,313.9,22.48,Liquid,2686.36,1058.83,1627.53,424.85,691456.12
365.55,Moon,7275.31,305.68,30.89,Solid,2254.78,696.76,1558.02,389.17,606334.64
408.13,LEO,8260.65,280.24,76.68,Hybrid,2615.51,1275.4,1340.11,424.88,569385.94
399.59,Moon,8309.8,283.06,50.33,Hybrid,2533.53,1654.11,879.42,331.2,291263.9
423.22,GTO,7299.79,324.99,46.33,Solid,2518.6,964.55,1554.05,479.79,745617.65
496.53,GTO,6666.73,315.59,8.96,Solid,2673.88,1485.8,1188.08,389.74,463042.3
523.42,LEO,8103.76,299.22,1.44,Solid,2910.28,1837.53,1072.75,286.49,307332.15
655.05,GTO,7257.69,291.64,86.73,Liquid,3522.86,2322.73,1200.13,391.54,469898.9
400.16,GTO,7995.31,259.48,33.93,Solid,2471.88,1148.55,1323.33,286.04,378525.31
598.43,Moon,6614.95,278.58,54.29,Solid,3167.38,1710.44,1456.94,288.09,419729.84
478.6,GTO,8046.3,338.23,7.17,Liquid,2736.33,2098.77,637.56,319.88,203942.69
495.05,LEO,6994.41,274.39,61.48,Hybrid,2806.25,2426.65,379.6,455.73,172995.11
567.48,Moon,7965.38,303.79,83.93,Solid,3237.61,2645.54,592.07,350.09,207277.79
387.73,Mars,7607.14,320.15,51.81,Solid,2418.38,1544.31,874.07,403.67,352835.84
538.24,Moon,7123.03,274.9,11.35,Hybrid,2891.6,1579.32,1312.28,317.59,416767.01
516.65,LEO,7396.48,303.69,52.35,Hybrid,2914.24,1456.46,1457.78,279.08,406837.24
549.25,Moon,7943.16,318.76,68.97,Liquid,3132.39,1174.56,1957.83,486.39,952268.93
528.92,Moon,7652.95,300.25,36.58,Solid,2957.47,1076.31,1881.16,381.07,716853.64
745.53,LEO,7892.21,357.37,79.19,Solid,3932.52,2803.94,1128.58,480.19,541932.83
436.23,Moon,8588.22,266.63,58.38,Liquid,2724.25,1241.92,1482.33,261.02,386917.78
446.9,LEO,6817.88,321.17,80.93,Hybrid,2634.36,1192.83,1441.53,244.07,351834.23
437.69,LEO,8408.61,296.54,56.12,Liquid,2707.23,2433.58,273.65,456.75,124989.64
444.45,Mars,7652.18,315.44,11.82,Hybrid,2569.83,1060.71,1509.12,404.28,610107.03
436.26,GTO,7150.61,308.83,27.87,Liquid,2519.08,979.51,1539.57,255.97,394083.73
618.9,GTO,6934.84,285.34,18.16,Hybrid,3208.91,1152.68,2056.23,280.81,577409.95
642.05,Moon,7505.44,304.58,81.79,Liquid,3485.61,2258.27,1227.34,440.2,540275.07
442.93,Moon,8060.83,262.84,68.44,Hybrid,2718.49,1839.65,878.84,336.16,295430.85
416.76,Mars,7536.23,312.06,60.88,Hybrid,2545.63,1321.53,1224.1,401.16,491059.96
547.14,Mars,8355.58,305.96,27.09,Hybrid,3081.57,1914.42,1167.15,295.51,344904.5
444.78,Mars,6874.41,312.77,16.56,Hybrid,2502.88,1934.83,568.05,314.37,178577.88
563.29,LEO,7593.96,321.16,68.08,Hybrid,3151.83,2492.66,659.17,497.21,327745.92
520.29,Mars,6973.8,307.35,42.67,Solid,2867.13,2508.01,359.12,274.29,98503.02
348.43,Mars,7781.82,302.96,20.32,Hybrid,2215.84,1760.62,455.22,351.94,160210.13
654.75,Moon,8043.44,282.38,55.5,Solid,3537.89,2260.38,1277.51,453.32,579120.83
679.59,Mars,7389.62,285.76,3.63,Hybrid,3468.08,1414.26,2053.82,271.77,558166.66
438.72,LEO,6297.89,323.73,29.36,Solid,2446.48,880.39,1566.09,324.56,508290.17
461.23,LEO,7699.47,328.73,42.17,Solid,2702.25,899.06,1803.19,384.53,693380.65
528.59,Moon,7818.37,295.24,13.32,Liquid,2926.22,2048.11,878.11,344.36,302385.96
533.45,Mars,7802.15,300.92,88.62,Hybrid,3094.58,2427.77,666.81,337.85,225281.76
565.85,Mars,8217.89,281.91,18.82,Liquid,3126.38,1892.12,1234.26,308.75,381077.78
701.02,LEO,7064.47,323.46,11.73,Liquid,3537.08,1177.24,2359.84,375.99,887276.24
482.31,Mars,7940.11,313.31,18.32,Hybrid,2763.08,1716.65,1046.43,387.31,405292.8
420.17,Mars,8196.25,338.82,69.22,Liquid,2641.7,2275.69,366.01,395.99,144936.3
362.07,Mars,6710.71,282.43,38.3,Hybrid,2199.49,1448.51,750.98,221.11,166049.19
426.91,GTO,7759.83,292.44,50.89,Liquid,2588.82,2033.92,554.9,389.31,216028.12
496.69,Moon,7347.91,304.63,1.89,Hybrid,2728.61,2128.57,600.04,485.97,291601.44
679.46,GTO,7559.24,312.93,3.1,Hybrid,3483.16,2993.0,490.16,362.3,177584.97
448.24,Moon,7773.84,295.69,40.12,Hybrid,2653.97,2022.69,631.28,414.58,261716.06
522.38,LEO,7356.39,282.54,73.5,Solid,2975.7,2227.67,748.03,367.02,274541.97
498.36,Mars,7262.15,317.63,79.67,Liquid,2882.14,1269.47,1612.67,456.42,736054.84
618.84,Moon,7617.08,314.42,7.8,Solid,3255.85,1093.82,2162.03,478.87,1035331.31
752.69,GTO,7056.38,281.67,48.45,Liquid,3816.85,2330.41,1486.44,255.27,379443.54
446.91,Mars,7057.09,327.11,82.19,Liquid,2660.79,996.89,1663.9,331.06,550850.73
451.06,LEO,7939.69,323.4,34.92,Liquid,2671.14,2343.44,327.7,317.71,104113.57
604.42,Moon,7025.6,302.69,74.66,Solid,3272.86,1551.19,1721.67,321.56,553620.21
568.19,Moon,7933.16,301.59,12.03,Liquid,3093.45,2511.16,582.29,237.66,138387.04
684.67,Moon,7831.3,311.08,84.19,Solid,3693.4,1967.01,1726.39,444.08,766655.27
558.39,Mars,6737.1,282.77,67.63,Hybrid,3046.07,1504.5,1541.57,210.73,324855.05
464.07,GTO,7261.22,300.6,84.72,Liquid,2755.17,2372.46,382.71,358.47,137190.05
559.07,GTO,8197.05,256.95,60.9,Liquid,3181.68,1648.09,1533.59,398.56,611227.63
610.87,Moon,7109.42,317.53,32.71,Hybrid,3222.99,1721.63,1501.36,262.24,393716.65
582.05,LEO,7367.8,268.77,84.44,Hybrid,3237.58,1177.36,2060.22,471.76,971929.39
550.73,LEO,7831.03,330.07,24.8,Liquid,3038.65,2133.95,904.7,451.56,408526.33
606.67,GTO,7991.7,293.4,29.9,Hybrid,3289.06,1556.72,1732.34,341.33,591299.61
616.93,LEO,7474.23,295.77,63.07,Solid,3344.66,2178.59,1166.07,323.34,377037.07
638.22,GTO,7301.24,287.45,68.88,Solid,3424.24,2242.23,1182.01,270.97,320289.25
564.87,Moon,8311.18,294.24,83.65,Liquid,3261.3,2385.71,875.59,419.0,366872.21
483.29,GTO,8469.45,328.37,18.43,Solid,2820.01,2106.96,713.05,239.52,170789.74
514.67,GTO,8089.43,250.24,71.82,Solid,3015.26,1835.3,1179.96,404.07,476786.44
620.65,Moon,7642.66,325.54,66.47,Liquid,3382.88,1686.69,1696.19,452.74,767933.06
418.31,LEO,7195.87,306.76,5.74,Hybrid,2407.57,1932.0,475.57,268.54,127709.57
536.87,GTO,7184.78,275.86,34.85,Liquid,2939.28,1428.25,1511.03,459.93,694968.03
460.67,GTO,7861.26,278.49,25.45,Solid,2683.3,1622.07,1061.23,210.0,222858.3
502.87,Moon,7809.2,333.53,27.4,Liquid,2850.2,1541.25,1308.95,473.84,620232.87
627.85,LEO,8300.8,281.09,88.47,Liquid,3521.98,2863.54,658.44,235.51,155069.2
519.11,GTO,7925.23,276.93,57.85,Solid,2988.27,1670.89,1317.38,393.73,518692.03
504.64,Moon,6848.46,322.75,64.59,Solid,2835.68,1507.62,1328.06,275.02,365243.06
364.01,GTO,8125.97,306.77,87.9,Liquid,2447.7,1747.4,700.3,450.97,315814.29
574.63,Mars,7100.97,281.24,33.95,Solid,3080.07,2037.36,1042.71,353.69,368796.1
564.55,Moon,7408.01,304.33,72.17,Solid,3146.63,1146.47,2000.16,240.57,481178.49
716.33,LEO,7725.1,279.48,39.11,Solid,3719.63,2250.01,1469.62,371.3,545669.91
469.22,LEO,8597.83,322.02,78.26,Solid,2896.29,2146.98,749.31,322.36,241547.57
521.92,LEO,9154.96,321.23,16.26,Solid,3038.81,2720.48,318.33,398.43,126832.22
524.94,LEO,7903.36,310.64,85.29,Solid,3063.9,2075.76,988.14,464.57,459060.2
657.75,GTO,7508.4,307.23,19.69,Hybrid,3424.47,1788.18,1636.29,322.82,528227.14
490.47,GTO,7867.25,335.22,29.36,Liquid,2810.31,1224.43,1585.88,286.96,455084.12
527.9,LEO,8043.83,299.99,68.06,Solid,3055.44,2516.76,538.68,204.35,110079.26
560.79,LEO,7439.67,276.36,35.44,Liquid,3061.63,2414.83,646.8,372.45,240900.66
518.66,LEO,8497.61,308.99,54.74,Hybrid,3037.12,1337.41,1699.71,320.68,545063.0
455.36,GTO,7715.04,341.72,40.01,Solid,2675.89,1124.89,1551.0,312.39,484516.89
519.41,LEO,7848.87,279.7,66.81,Liquid,2999.72,2187.04,812.68,254.88,207135.88
607.36,LEO,7932.96,292.77,20.55,Solid,3267.25,1597.59,1669.66,329.02,549351.53
397.35,Mars,7810.79,308.33,5.26,Solid,2384.24,1153.59,1230.65,495.33,609577.86
513.3,Mars,8019.47,298.92,26.99,Solid,2912.47,1139.87,1772.6,289.33,512866.36
429.99,LEO,7291.37,280.35,42.69,Solid,2538.04,1163.4,1374.64,379.91,522239.48
619.5,Moon,7320.85,322.44,15.12,Solid,3243.43,1804.98,1438.45,432.95,622776.93
347.68,LEO,7049.92,346.4,31.93,Solid,2162.46,1599.58,562.88,424.75,239083.28
444.11,Mars,7819.75,303.92,36.0,Solid,2633.71,1321.56,1312.15,298.63,391847.35
537.72,Moon,7989.47,281.92,5.17,Hybrid,2963.71,1473.45,1490.26,383.26,571157.05
656.55,Moon,7828.89,269.02,52.5,Hybrid,3517.81,1656.71,1861.1,461.38,858674.32
493.42,LEO,8437.25,305.16,79.59,Solid,2979.86,1749.09,1230.77,204.63,251852.47
444.48,Mars,7597.2,322.08,13.66,Solid,2568.06,1048.75,1519.31,330.72,502466.2
688.12,Mars,7934.37,309.5,53.8,Hybrid,3656.75,2162.52,1494.23,267.28,399377.79
355.2,Moon,7054.15,299.95,59.83,Hybrid,2249.21,1625.07,624.14,316.59,197596.48
280.12,LEO,7406.45,288.21,37.74,Hybrid,1940.07,616.7,1323.37,324.8,429830.58
544.0,GTO,7947.77,278.16,63.1,Solid,3100.57,948.36,2152.21,424.0,912537.04
449.79,GTO,8024.55,316.7,36.97,Liquid,2678.71,924.35,1754.36,228.15,400257.23
397.88,Mars,7453.02,318.28,45.42,Liquid,2430.8,1510.49,920.31,353.78,325587.27
570.84,GTO,7564.2,269.09,0.66,Liquid,3044.82,2474.44,570.38,369.26,210618.52
524.38,Mars,6841.06,331.8,62.25,Liquid,2909.14,881.27,2027.87,348.25,706205.73
443.59,Mars,7421.49,311.48,59.52,Solid,2638.76,2274.6,364.16,419.56,152786.97
371.97,Mars,8045.19,327.99,3.46,Liquid,2302.37,837.53,1464.84,315.14,461629.68
587.25,GTO,7887.6,273.16,33.14,Hybrid,3207.7,2582.81,624.89,483.49,302128.07
565.02,Mars,7850.33,272.68,88.11,Hybrid,3225.0,1901.82,1323.18,344.54,455888.44
490.08,Moon,7624.89,297.02,37.87,Liquid,2801.92,1949.06,852.86,371.36,316718.09
684.66,LEO,7603.53,310.06,45.18,Hybrid,3592.58,2178.58,1414.0,447.66,632991.24
392.99,LEO,7269.84,335.93,81.89,Solid,2465.7,1445.46,1020.24,282.57,288289.22
347.45,Mars,7949.41,314.12,64.55,Liquid,2317.02,1855.79,461.23,222.56,102651.35
430.81,LEO,7810.49,295.15,52.39,Liquid,2612.46,1968.57,643.89,412.34,265501.6
495.44,GTO,7846.01,279.47,71.8,Solid,2913.54,1719.11,1194.43,344.9,411958.91
524.33,GTO,7336.98,324.6,77.79,Hybrid,2989.68,1097.16,1892.52,468.95,887497.25
475.88,LEO,6523.33,280.71,41.12,Solid,2641.66,975.41,1666.25,494.8,824460.5
535.21,GTO,8148.58,332.57,42.76,Solid,3044.22,2377.3,666.92,319.73,213234.33
374.85,LEO,7360.58,294.31,34.74,Hybrid,2308.34,1425.71,882.63,324.63,286528.18
644.38,LEO,7168.61,331.81,87.0,Solid,3471.39,2044.49,1426.9,322.39,460018.29
491.78,LEO,7946.74,313.58,62.74,Hybrid,2890.46,2047.43,843.03,297.37,250691.83
611.73,Mars,7403.99,297.26,7.49,Hybrid,3205.66,2613.59,592.07,434.51,257260.34
534.27,LEO,8129.97,289.61,77.67,Solid,3108.87,2105.71,1003.16,427.7,429051.53
545.68,Mars,7908.5,293.18,43.25,Hybrid,3063.48,2321.23,742.25,343.59,255029.68
556.98,LEO,7941.78,308.57,6.19,Solid,3037.72,2306.12,731.6,213.4,156123.44
544.77,LEO,6917.02,301.54,49.47,Hybrid,2973.04,1527.42,1445.62,292.87,423378.73
564.27,LEO,8205.97,288.12,37.54,Liquid,3156.23,1465.91,1690.32,287.69,486288.16
632.92,GTO,7730.63,296.69,79.0,Hybrid,3466.11,2705.99,760.12,443.33,336984.0
519.65,Mars,7415.36,301.57,18.36,Hybrid,2860.17,1505.33,1354.84,226.27,306559.65
570.9,Mars,7671.69,257.43,74.38,Solid,3203.41,2697.28,506.13,441.7,223557.62
491.03,LEO,6711.88,309.16,50.19,Hybrid,2738.92,936.2,1802.72,400.76,722458.07
644.01,LEO,7804.33,280.41,4.91,Liquid,3369.86,1128.67,2241.19,419.73,940694.68
432.36,GTO,7085.31,276.93,87.47,Liquid,2616.52,2240.27,376.25,329.66,124034.58
680.09,GTO,6923.66,266.25,46.14,Hybrid,3508.76,2417.79,1090.97,403.92,440664.6
495.98,GTO,6838.82,264.12,26.18,Hybrid,2723.95,1437.59,1286.36,382.71,492302.84
356.92,Mars,8156.34,272.89,42.25,Liquid,2331.48,1755.69,575.79,430.69,247987.0
512.81,Mars,7285.37,285.82,77.21,Solid,2937.7,2066.37,871.33,334.03,291050.36
431.89,Mars,8366.86,339.07,27.44,Liquid,2622.08,1622.33,999.75,341.85,341764.54
584.06,LEO,7332.1,289.48,17.34,Liquid,3107.58,1116.63,1990.95,393.07,782582.72
434.74,Mars,6746.32,303.56,11.62,Hybrid,2440.13,1921.13,519.0,232.42,120625.98
455.38,Moon,7041.74,308.01,26.81,Hybrid,2582.56,2116.7,465.86,330.87,154139.1
311.05,Moon,8217.91,302.62,70.2,Liquid,2209.7,891.17,1318.53,491.59,648176.16
454.77,GTO,7522.05,298.45,42.45,Solid,2659.54,2155.04,504.5,211.27,106585.72
257.61,Mars,7325.86,276.09,20.47,Liquid,1807.59,1494.35,313.24,294.8,92343.15
341.61,Moon,7680.01,329.02,14.96,Liquid,2167.4,1364.72,802.68,294.23,236172.54
576.04,GTO,7850.89,336.14,29.95,Solid,3152.12,2186.65,965.47,390.04,376571.92
578.58,Mars,8158.7,266.35,84.59,Liquid,3303.12,1748.48,1554.64,231.74,360272.27
542.55,LEO,8324.25,279.52,30.87,Liquid,3067.94,1439.09,1628.85,388.56,632905.96
403.3,Moon,7420.12,294.4,88.93,Hybrid,2536.47,1859.71,676.76,228.51,154646.43
495.23,LEO,6936.98,280.71,43.67,Solid,2765.52,2259.78,505.74,228.49,115556.53
499.64,Mars,7393.27,310.12,16.12,Hybrid,2773.35,1920.4,852.95,418.46,356925.46
384.16,Moon,7730.14,285.43,80.2,Hybrid,2473.56,1501.34,972.22,297.24,288982.67
650.34,Mars,7118.12,343.3,41.43,Solid,3398.94,1343.79,2055.15,493.23,1013661.63
587.74,LEO,7121.42,323.81,63.87,Solid,3193.93,1060.63,2133.3,211.21,450574.29
477.9,Moon,7771.89,304.25,88.53,Liquid,2869.14,1627.99,1241.15,333.53,413960.76
502.69,LEO,7575.67,320.54,4.52,Hybrid,2780.49,916.48,1864.01,233.94,436066.5
520.84,Mars,7616.4,322.12,8.7,Solid,2865.5,1838.51,1026.99,305.41,313653.02
295.83,Mars,7220.75,288.72,64.84,Hybrid,2038.54,1079.69,958.85,499.47,478916.81
475.28,LEO,7484.8,283.68,25.36,Hybrid,2703.85,2039.55,664.3,466.65,309995.59
431.8,Moon,7137.88,301.56,16.59,Solid,2477.48,1197.59,1279.89,214.5,274536.41
399.84,LEO,8045.1,317.23,3.54,Liquid,2414.1,1583.14,830.96,368.98,306607.62
471.89,Mars,8117.62,302.78,1.97,Hybrid,2706.56,1685.13,1021.43,394.35,402800.92
679.77,LEO,6676.91,268.46,69.7,Solid,3529.9,1068.95,2460.95,262.86,646885.32
564.08,Mars,7135.24,283.94,12.1,Liquid,2997.57,1029.47,1968.1,243.53,479291.39
442.88,LEO,6851.74,298.52,42.09,Hybrid,2544.22,1206.52,1337.7,471.31,630471.39
557.26,Moon,7274.99,298.49,54.53,Solid,3068.95,2545.21,523.74,490.64,256967.79
